3959 5259
456 102 1635 218 FUmFuRTUM.¹w

70 229 117 293 soc
137 272 145 290 .
167 219 297 290 Proverb.
344 239 370 280 r.
394 215 466 281 ibi:
498 222 608 279 statera
627 214 720 294 dolosa
748 215 854 277 abomi·
895 213 1078 278 consentiunt
1100 213 1129 276 in
1151 216 1240 280 illud.
1265 219 1307 280 At
1329 236 1361 281 ut
1382 215 1456 281 redle
1478 223 1693 306 notamSpotes'

70 313 146 373 natio
166 308 201 386 efl
219 302 295 387 apud
318 240 428 362 deum.
461 297 616 361 Restitutio
651 314 747 361 autem
771 318 789 359 a
810 315 852 359 ta·
895 298 946 360 loc.
967 300 1016 357 cir.
1040 319 1114 357 num.
1134 319 1184 375 47.
1203 302 1233 361 in
1237 295 1296 373 fine
1306 299 1363 363 tale
1375 298 1615 380 fundamentum,
1640 304 1687 370 seu

70 392 143 454 libus
170 384 330 450 furantibus
369 382 481 445 minuta
512 400 530 441 a
569 378 684 440 diversis
718 377 855 440 Dominis
895 376 1074 474 principium
1097 379 1134 442 esl
1165 377 1255 442 solum
1276 402 1405 457 vetum,
1438 383 1554 462 quando
1586 382 1686 451 influit

70 493 148 553 ως.
170 488 220 551 per
242 464 310 528 salla
331 463 484 547 pondera,
518 481 568 540 per
589 460 723 522 alteratas
744 457 854 525 mensu·
896 480 926 521 tn
949 476 1054 522 totum
1071 459 1210 521 damnum
1232 462 1381 525 moraliter
1400 464 1497 539 jussu,
1514 465 1653 529 concursu
1671 513 1691 545 „

70 572 131 627 ras,
152 551 183 614 ἃ
203 546 396 622 hujusmodi,
419 544 552 604 facienda
570 541 608 601 esl
631 539 691 616 iis,
714 540 863 621 aquibus·
895 541 953 603 &cs
974 541 1058 620 quod⁴
1074 562 1128 604 nos
1150 540 1227 605 ultro
1248 540 1389 618 fatemur,
1410 564 1477 606 nam
1500 562 1610 610 certum
1626 548 1681 625 eli,

70 645 262 714 acceperunt,
285 630 478 705 inquantum
503 622 643 701 possunt,
665 644 696 683 v.
718 645 747 702 g.
772 622 800 682 in
824 621 861 681 st·
897 622 917 683 st
939 619 1035 703 plures
1053 624 1205 684 communi
1226 620 1385 699 consensit,
1404 624 1549 700 consilio„
1565 627 1611 692 vel
1633 649 1683 694 co.

70 712 133 775 mili
153 708 411 776 occafionafurta
440 707 556 766 minuta
572 701 733 764 commissa.
754 702 861 764 Domi-⁷
896 702 1068 783 operatione
1090 703 1201 783 ingram
1222 727 1253 766 v.
1275 726 1304 783 g.
1327 705 1356 765 in
1379 704 1506 769 Vineam
1530 708 1572 770 ita
1601 728 1684 774 nota·

70 795 112 856 als
132 791 272 856 minutim
294 785 479 870 supplendo,
502 803 550 846 aut
573 784 593 842 sr
615 784 634 844 ii
657 783 855 864 ignorentur,
897 782 995 846 biliter
1017 780 1174 856 furentur,
1207 783 1331 864 fingulos
1350 804 1467 866 peccate
1501 789 1683 863 mortaliter,

70 873 115 937 rel
136 872 271 955 amplius·
282 868 434 933 conveniri
454 888 512 927 nnn
534 862 667 946 possint,
694 863 765 926 talia
787 885 854 946 pau·
896 866 927 929 or
947 863 1072 942 obligari
1093 862 1129 925 ad
1151 863 1362 928 restitutionem
1387 867 1416 926 in
1440 865 1586 945 solidum,
1609 870 1683 933 scili·

70 956 189 1038 peribus·
210 950 387 1032 erogando,
411 964 497 1028 prout
520 945 549 1004 in
582 944 669 1006 srtnili
690 944 796 1008 dicitur
826 947 863 1008 in<
896 962 947 1008 cet
963 946 994 1005 in
1015 942 1124 1008 deledlu
1144 944 1267 1007 aliorum
1286 990 1305 1019 ,.
1317 947 1388 1027 quia
1409 947 1509 1028 singuli
1532 948 1596 1013 sunt
1618 973 1685 1014 cau·

70 1053 134 1118 rap.
148 1041 223 1096 cum
242 1049 274 1092 ru
298 1052 325 1110 5.
345 1029 380 1090 de
401 1020 497 1104 Usu'ris
510 1070 526 1087 .
895 1025 923 1089 sa
946 1026 1066 1090 moralis
1088 1025 1178 1088 totius
1199 1025 1324 1095 damni;
1346 1028 1548 1091 Sicutietiam
1571 1031 1591 1091 st
1614 1051 1687 1094 unus

109 1115 207 1177 Furta
231 1111 351 1175 minuta
379 1107 456 1171 salia
485 1106 578 1171 eidem
615 1100 776 1172 adiverfis-
793 1127 859 1170 non>
895 1106 945 1170 suo
966 1105 1046 1169 malo
1070 1106 1202 1190 exemplo
1231 1104 1388 1170 efficaciter
1409 1110 1628 1175 moveatalios.
1649 1111 1687 1174 ad

70 1194 256 1260 moventibus
275 1190 302 1256 se
322 1207 448 1264 mutuo,
478 1186 614 1269 quamvis
634 1187 677 1249 isti
699 1188 851 1251 advertant
892 1187 1044 1251 forandum
1065 1233 1082 1264 ,⁴
1107 1212 1136 1252 v.
1168 1210 1197 1268 g.
1243 1187 1269 1248 sr
1292 1210 1334 1250 et.
1367 1188 1488 1254 cohorte
1519 1193 1650 1254 militurn
1669 1236 1685 1267 „

70 1297 116 1360 pet
137 1274 246 1341 omnia.
259 1271 334 1335 dicia
354 1269 429 1335 furta
449 1269 532 1331 srmul
556 1270 676 1349 sumpta
691 1266 800 1332 causari
812 1268 850 1332 ei·
893 1287 942 1332 aut
960 1271 1187 1351 peregrinorum
1220 1268 1426 1333 transeuntium
1454 1314 1463 1346 ,
1498 1294 1570 1337 unus
1603 1272 1681 1356 ptin-

70 1360 132 1421 detn
153 1377 246 1438 grave
259 1354 403 1416 damnum
417 1396 436 1427 ,.
480 1349 638 1413 tubabilius
658 1369 718 1415 non
738 1349 850 1421 consii-
893 1349 995 1431 cipalis
1018 1393 1037 1422 ‚.
1060 1368 1092 1413 ut
1124 1352 1316 1433 capitaneus,
1348 1349 1395 1414 vel
1430 1353 1588 1417 condudlor
1625 1352 1683 1435 pti·

70 1455 153 1501 ruunt
176 1453 330 1531 peccatum
359 1372 488 1498 mortale
505 1432 534 1493 in
549 1429 672 1511 lingulis
688 1476 704 1506 ,.
729 1451 783 1494 nec
802 1428 861 1492 sub‘
894 1452 963 1493 mus.
990 1428 1099 1494 furetur
1119 1453 1155 1494 cx
1186 1431 1277 1495 vinea
1300 1430 1412 1512 aliquos
1442 1454 1599 1508 racemos,
1632 1450 1685 1498 aut

70 1517 186 1581 morralr
216 1516 353 1597 obligant
371 1512 503 1595 singulos.
523 1512 558 1574 ad
590 1511 792 1593 respellivam.
811 1532 852 1573 re·
894 1533 932 1572 ex.
950 1511 1092 1574 viridario
1111 1512 1210 1593 aliqua
1237 1532 1327 1594 poma
1357 1514 1514 1594 pravidens
1534 1516 1599 1593 lsuo
1621 1535 1683 1576 ma·

70 1599 267 1670 ‚litationem
288 1595 413 1659 Satrchez
433 1595 464 1656 Ἰ.
487 1615 518 1670 7.
538 1596 632 1655 moral.
653 1615 678 1655 c.
700 1612 861 1654 ammte..
895 1591 926 1653 lo
956 1592 1090 1673 exemplo
1112 1592 1185 1654 alios
1214 1595 1249 1654 ad
1271 1592 1363 1655 smile
1392 1591 1500 1657 furtum
1531 1596 1685 1660 efficaciter

70 1676 177 1743 [esitus
197 1677 255 1741 lib.
272 1695 378 1760 neap.
398 1698 444 1739 τι.
463 1672 596 1752 dubinp.
612 1676 863 1750 Tanner.tom.3.
897 1671 1086 1744 movendos,
1122 1694 1184 1735 reus
1217 1674 1254 1736 eli
1284 1671 1352 1736 furti
1393 1675 1550 1751 mortalis,
1585 1677 1685 1743 debet·

70 1760 99 1822 d.
117 1782 154 1835 4.·
170 1783 219 1841 qu.
241 1763 273 1821 6.
292 1758 360 1818 dub.
384 1782 417 1834 9.
436 1778 512 1816 num.
536 1758 611 1834 285.
629 1755 722 1815 Diana
738 1769 813 1835 part.
827 1771 864 1811 2..
894 1771 960 1892 pue*
985 1750 1183 1816 deficientibus
1213 1753 1305 1816 sociis
1326 1769 1431 1818 totum
1463 1755 1608 1821 damnum·
1640 1781 1683 1824 re·

70 1842 146 1904 reati.
171 1861 225 1913 17.
239 1838 316 1915 resol.
336 1837 633 1915 42.LugoDisp.16.
638 1833 710 1912 sesi.
728 1850 853 1914 3.n.35.
907 1831 1036 1909 arcite,
1061 1833 1130 1913 quia
1150 1832 1266 1913 perinde
1294 1835 1359 1908 esi,
1390 1835 1447 1900 [ττι
1475 1837 1540 1918 quis
1574 1837 1680 1912 facio,

70 1923 149 1983 Surus
167 1921 200 1980 in
215 1938 250 1994 4.
268 1915 330 1993 deli.
351 1936 398 1977 22.
417 1915 506 1997 quaesl.
527 1938 554 1979 1.
574 1934 637 1978 art..
658 1936 688 1975 z.
707 1915 737 1976 or
751 1912 856 1975 clarius
897 1913 954 1978 five
976 1912 1136 1996 exemplo,
1150 1914 1215 1979 five·
1227 1914 1316 1978 verbo
1337 1915 1377 1979 fit
1392 1913 1482 1982 causa
1495 1918 1620 1982 moralis·
1633 1919 1690 1981 dar

70 1999 115 2061 lib.
137 2019 168 2074 4.
190 1998 225 2059 dr
243 1998 354 2079 justitia
372 2021 402 2078 q.
423 2020 456 2077 7.
474 2013 529 2058 att.
543 1996 677 2079 prosum.
689 1998 717 2057 6.
740 1991 857 2056 Malde·
897 1994 965 2057 mni
982 1994 1059 2059 illati

70 2102 112 2143 rus
132 2079 170 2140 de
188 2084 274 2141 Burro
294 2076 375 2142 erati.
395 2101 426 2156 4.
446 2094 511 2157 cap.
529 2098 560 2139 t..
574 2074 642 2140 dub.
656 2099 683 2151 ς.
697 2077 754 2157 cas.
768 2076 855 2157 3.Sa·
940 2076 1164 2141 Advertendttm.
1181 2091 1282 2139 tamen
1302 2076 1359 2152 el'f,
1381 2078 1468 2158 quod'
1481 2079 1536 2146 five
1566 2079 1677 2144 ltlsfur·
1702 2095 1742 2161 53*

70 2164 107 2224 las
128 2166 163 2224 itt·
183 2187 208 2226 r.
233 2183 262 2223 z.
284 2160 369 2225 tradi..
391 2180 439 2241 13.
459 2160 531 2240 desp.
559 2179 605 2235 ¹9·
615 2157 685 2237 seii.
696 2178 746 2234 27.
760 2182 788 2219 n.
805 2176 865 2235 92..
899 2156 939 2220 tis
961 2158 1090 2220 minutis·
1104 2154 1215 2220 suretur
1231 2157 1269 2219 ab
1291 2157 1411 2233 eodem,
1433 2157 1489 2221 five
1510 2182 1527 2222 a
1545 2100 1688 2237 literne,

70 2245 170 2326 Sporer
190 2244 243 2305 loc.
260 2246 313 2305 cir.
328 2264 403 2305 num.
426 2237 639 2317 47.Ovied.de
655 2242 781 2320 peccatis*
796 2259 857 2299 con·
899 2239 955 2302 srve
976 2240 1071 2321 plures
1088 2281 1106 2312 ,.
1129 2237 1185 2300 five
1204 2236 1311 2302 diuersa
1336 2237 1373 2301 ab
1393 2239 1494 2314 eodem
1526 2239 1682 2314 furentur,

70 2342 144 2387 nov.
160 2345 188 2405 3.
212 2346 295 2385 num..
312 2341 385 2384 rtz.
400 2322 446 2383 La
462 2318 559 2383 Croitc
574 2318 626 2382 lib.
650 2342 684 2397 ζ..
699 2336 774 2400 patr.
789 2339 815 2381 1.
826 2342 863 2380 n.-
897 2320 935 2381 acl
954 2318 1188 2381 contrahendum·
1204 2336 1354 2401 peccatum
1377 2319 1502 2384 mortale
1527 2320 1684 2401 requiritur

70 2428 157 2470 toro.
181 2405 303 2485 lllsung.
322 2420 351 2465 r..
365 2424 396 2479 4.
418 2401 448 2462 d.
471 2399 791 2482 3·.num.r58.&alii.
815 2399 857 2461 Et
898 2404 992 2474 major
1012 2398 1183 2475 quantitas,
1205 2420 1302 2481 quam
1317 2400 1368 2461 illa
1387 2444 1403 2476 ,.
1417 2420 1480 2483 quar
1501 2402 1583 2466 stmul
1604 2402 1684 2464 abla-

70 2487 141 2551 ratio
161 2486 200 2549 esl
219 2532 230 2565 ,
250 2484 319 2567 qula
341 2483 443 2564 finguli
465 2503 522 2545 non
546 2481 611 2542 sunt
629 2477 739 2557 causa,
761 2500 854 2559 neque
895 2498 928 2543 ta
957 2479 1144 2543 constitueret
1169 2498 1319 2560 peccatum
1342 2483 1471 2545 mortale
1484 2526 1501 2556 ,.
1528 2506 1559 2547 v.
1581 2504 1631 2564 gr..
1647 2482 1688 2545 ad'

70 2567 209 2649 phylace,
239 2584 334 2645 neque
353 2561 473 2626 moralis
491 2562 593 2624 damni
612 2561 648 2624 ab
670 2561 735 2623 aliis
756 2558 858 2622 causa·
896 2560 1061 2622 minimam.
1084 2560 1148 2642 pius
1168 2560 1291 2624 dimidio
1312 2604 1330 2624 .-
1355 2563 1404 2626 Er*
1417 2563 1493 2624 tario
1515 2565 1552 2627 esl
1572 2608 1589 2637 ,.
1612 2565 1684 2643 quia

70 2648 107 2722 τί,
141 2646 194 2713 sed*
209 2663 332 2709 tantum
350 2643 456 2717 illius,
477 2644 559 2724 quod
577 2662 634 2724 per
648 2639 677 2703 se
697 2640 822 2705 inserunt
838 2685 856 2715 ,.
892 2641 1021 2704 Domini
1039 2660 1096 2702 non
1118 2638 1189 2702 sunt
1212 2642 1259 2704 ita·
1276 2640 1364 2704 inviti
1396 2641 1433 2704 ad
1454 2643 1529 2705 surra
1561 2642 1683 2710 successt-
1712 2709 1720 2729 ,

70 2728 140 2810 ruod
161 2729 200 2791 est
222 2727 319 2801 leve,
348 2726 381 2789 δι
399 2723 568 2804 exiguum,
596 2740 632 2786 ut
652 2721 850 2805 supponitur,
892 2745 930 2788 ve
943 2767 959 2798 ,-
975 2720 1023 2784 seu
1044 2741 1093 2804 pet
1116 2721 1270 2786 intervalla
1290 2720 1388 2799 sada,
1425 2744 1498 2787 uam·
1516 2725 1551 2787 ad
1572 2723 1688 2786 furtum

70 2810 190 2890 tdeoque
210 2828 269 2871 non
293 2821 417 2889 peccant
436 2804 537 2885 singuli
558 2802 687 2883 grauiter
706 2848 715 2878 ,
737 2824 789 2865 nec
810 2821 854 2865 te·
894 2806 935 2867 rei
956 2801 1095 2865 notabilis
1125 2803 1213 2867 simul
1237 2801 1374 2875 sadlum,
1460 2805 1602 2869 ordinarie
1623 2825 1690 2868 non:

70 2904 166 2955 rentur
197 2888 246 2951 sub
267 2888 350 2969 gravi
381 2886 418 2949 ad
447 2886 690 2957 restitutionem,
722 2882 853 2962 alioquin
894 2900 1015 2947 tantum
1034 2883 1173 2945 damnum
1195 2882 1335 2955 insertur3
1357 2884 1478 2948 Molina
1494 2886 1684 2967 tom.3.dtsp.

70 2971 255 3050 'equeretut,
286 2967 372 3044 quod¹
395 2965 495 3047 polito·
518 2963 554 3024 ad
583 2962 692 3024 furtum
730 2960 862 3021 mortale
896 2965 966 3037 6892
987 2964 1115 3023 Sanclrez
1135 2961 1192 3024 lib..
1208 2985 1245 3040 7..
1262 2964 1356 3024 moral.
1378 2984 1437 3045 cap.
1455 2986 1482 3041 ς.
1506 2967 1691 3050 Lugodisp.

70 3049 192 3111 Yufficere
210 3047 309 3107 decem
332 3044 475 3123 Regales,
497 3040 546 3105 seu
563 3043 661 3104 decern
682 3038 804 3115 Julioo,
825 3039 863 3127 διΙ
900 3044 946 3101 to.
968 3064 1003 3103 n.
1022 3043 1195 3124 15..sp0rer
1213 3043 1471 3118 loc.cit.n.44.&
1490 3045 1541 3106 alii
1563 3045 1682 3128 passim.

70 3126 170 3191 Paulus
200 3128 260 3197 jam
282 3121 437 3207 abstulisset
456 3138 563 3185 novem
580 3165 597 3196 ,.
623 3120 772 3182 Antonius
806 3141 863 3181 au·
897 3121 974 3183 Item
1007 3123 1102 3194 major
1188 3124 1279 3186 ntitas
1316 3123 1501 3204 requiritur,
1534 3126 1555 3187 si
1599 3126 1683 3207 plura
1705 3144 1751 3204 542

70 3228 122 3271 rem
145 3204 280 3265 conscius
298 3201 410 3284 absque·
423 3202 487 3264 ulla
503 3200 735 3283 cooperatione,
763 3196 856 3261 auset·
892 3200 973 3262 surta
994 3200 1112 3261 minuta
1130 3141 1208 3264 didit
1223 3202 1377 3284 pluribus,
1392 3222 1485 3281 quam
1502 3206 1529 3264 st.
1543 3204 1593 3267 uni
1608 3205 1660 3267 soli
1672 3250 1686 3281 ,

70 3305 110 3351 'et
138 3283 231 3348 solum
268 3302 359 3344 unum
391 3281 529 3357 Regalem
550 3323 567 3355 ν
597 3278 644 3341 vel
679 3298 774 3363 unum
803 3277 859 3346 lu·-
895 3279 968 3360 quia·
984 3295 1061 3341 tunc:
1075 3298 1208 3355 omnes,
1240 3281 1272 3342 δι
1293 3280 1393 3361 unguii
1415 3302 1473 3342 non
1503 3298 1571 3344 tam.
1596 3304 1684 3378 grave

70 3368 135 3433 lum
154 3410 172 3440 ,.
196 3379 329 3446 peccaret
347 3360 540 3434 mortaliter,
570 3359 602 3421 δι
625 3357 734 3421 Paulus
760 3355 852 3420 solum
894 3362 1033 3421 damnum
1055 3360 1209 3440 patiuntur
1226 3361 1402 3435 asinaliter,
1432 3362 1626 3426 &ordinarte
1648 3365 1683 3425 il-

70 3447 220 3515 tenialiter
239 3488 258 3517 Υ
293 3463 362 3525 quo
391 3442 466 3504 nihil
506 3438 651 3503 absurdius
671 3460 688 3508 ;4
726 3438 862 3518 adeoque
894 3439 943 3503 lud
965 3439 1117 3521 patiuntur
1138 3441 1235 3504 minus
1257 3441 1474 3522 inviti,.quam
1496 3464 1568 3507 unus
1589 3442 1687 3519 solus,

70 3526 200 3609 ruamvis
231 3524 312 3589 surra·
335 3524 450 3587 minuta
480 3522 556 3584 ledia
585 3521 678 3584 eidem
708 3541 733 3582 a.
760 3519 857 3583 diver*
893 3519 949 3600 qui·
976 3538 1074 3585 totum
1106 3520 1177 3584 illud
1211 3523 1349 3584 damnum
1381 3543 1431 3602 per
1455 3521 1543 3605 plura
1568 3523 1688 3588 minuta

70 3612 96 3673 is
116 3606 269 3673 ascendant
289 3605 493 3669 ad‘summant
512 3601 675 3665 notabilem
698 3644 709 3673 ,
731 3598 775 3659 illi
809 3599 851 3660 di·
892 3601 972 3666 srrtta
999 3600 1148 3664 causatum
1181 3620 1301 3682 cogatur
1328 3604 1361 3663 -in
1392 3600 1418 3664 se
1440 3603 1681 3675 uno-sustinere3

70 3691 133 3754 rerfi
155 3687 285 3752 iurantes
302 3706 361 3749 non
382 3700 509 3766 peccant·
534 3680 636 3762 srnguli
658 3680 823 3743 mortaliter
840 3722 859 3753 ,.
892 3686 1057 3745 Communis
1075 3702 1147 3743 cum
1165 3682 1321 3763 prauitatis
1339 3725 1356 3742 .
1371 3683 1447 3743 Item
1470 3687 1564 3756 major
1586 3685 1677 3767 requi·
1702 3704 1742 3767 55,

70 3792 116 3834 rec
136 3768 194 3834 sub=
208 3764 333 3830 mortali
347 3781 484 3829 tenentur
503 3763 612 3844 singuli.
640 3763 678 3824 ad
697 3759 858 3824 reslitutio·
893 3764 969 3826 ritur
987 3762 1144 3843 quantitas
1158 3763 1187 3824 in
1210 3760 1293 3823 furtis
1314 3760 1395 3822 sactis
1419 3764 1476 3825 five
1497 3766 1622 3839 eidem,
1648 3765 1681 3826 sr-

70 3873 158 3916 rem‘.
895 3842 1095 3917 vedlvetfir‚
1127 3841 1242 3921 quando
1262 3840 1338 3903 siunt
1356 3847 1543 3921 permajora
1567 3862 1681 3927 tempo·

101 3929 235 3997 Plurimi
250 3944 356 3992 tamen
370 3928 451 4010 apud
466 3927 552 4009 [ugo
569 3926 624 3988 l'oe.
646 3930 696 3989 eir.
712 3947 787 3987 num.
804 3943 861 3999 54.
895 3944 967 3985 tum
982 3921 1138 3986 intervalla
1153 3967 1169 3998 ,s
1190 3941 1286 4001 quam.
1301 3922 1422 4001 quando
1439 3926 1519 3989 brevi
1540 3926 1687 4008 temporie

70 4014 239 4085 rtSuaroz,
263 4008 327 4071 Vas
364 4031 413 4085 ez,
438 4009 587 4071 Navarrur
606 4051 615 4082 ,
636 4006 763 4087 Medina
784 4006 862 4066 Ma·
895 4002 1016 4066 successu
1036 4002 1125 4075 liunt,
1148 4004 1218 4085 quia
1238 4023 1274 4065 eo
1296 4003 1389 4084 magis
1409 4005 1504 4068 deficit
1527 4007 1611 4070 unius
1630 4008 1679 4070 da-

71 4116 133 4169 ot,
146 4092 311 4163 Corduba,
349 4085 858 4169 *odriquez,SaloniuRRebellus,
897 4085 959 4147 rnni
980 4082 1151 4156 connexio,
1180 4084 1212 4145 δι
1231 4084 1464 4150 dominiminus
1493 4087 1586 4151 inviti·
1615 4108 1686 4149 cen·-

70 4174 213 4255 Angel'us,
238 4168 395 4242 Ledelma,
416 4172 522 4252 Sayrus
539 4214 556 4246 ,.
572 4170 678 4231 Petrut
694 4168 860 4239 Navarra,
896 4166 990 4228 sentur
1008 4177 1019 4224 '.
1042 4163 1125 4226 Unde
1146 4163 1219 4227 licet
1238 4167 1402 4250 imperialis
1421 4212 1429 4242 ,
1463 4165 1513 4231 seu·
1529 4168 1687 4250 respedlive

70 4256 197 4318 Souarr.
212 4253 368 4327 Molina,
381 4249 545 4315 Turrianus
562 4295 579 4325 ,.
595 4248 741 4312 Bonacina
758 4292 767 4321 ,
791 4245 851 4306 Fil·
894 4247 1023 4309 Ducatus
1044 4267 1074 4307 rt.
1096 4266 1123 4325 g.
1147 4244 1228 4308 simul
1239 4292 1254 4322 ,
1270 4247 1317 4311 vel
1341 4246 1495 4313 succesfi'ue·
1507 4250 1593 4312 breti
1606 4264 1684 4311 tent·

70 4333 168 4397 liuci'us
186 4380 205 4411 ,
218 4350 324 4409 tenent
340 4332 539 4403 contrarium,
573 4328 682 4393 scilicet
700 4330 778 4410 quod
800 4328 851 4388 sm·
896 4348 974 4411 pote·
994 4325 1115 4388 ablatus*
1137 4329 1324 4391 constitueret
1353 4347 1508 4410 peccatum.
1526 4329 1649 4392 mortale
1667 4368 1684 4397 φ

70 4415 129 4497 nni
151 4434 273 4496 peccent
288 4414 446 4496 graviter,
478 4412 512 4475 or
531 4411 580 4475 sub
622 4410 681 4475 ravi
704 4426 865 4471 terreantur
897 4427 1001 4472 tamen·
1019 4404 1175 4473 successive
1197 4428 1250 4490 per
1267 4409 1392 4491 longum·
1410 4408 1555 4491 tompus,
1578 4420 1685 4490 utpote

70 4496 100 4560 td
122 4495 350 4572 restitutionem,
372 4433 644 4578 quiadicuntipl,
661 4490 856 4553 scientercon
898 4493 1053 4563 duorum,
1082 4488 1128 4553 vel
1161 4490 1255 4552 trium*
1274 4511 1419 4554 annorum<
1447 4491 1596 4569 surreptusv
1621 4503 1685 4545 nom

70 4594 195 4645 currunt
213 4576 370 4661 snguliad
390 4575 644 4661 gravcdamuum
659 4571 810 4649 elrtsdem,
825 4571 863 4635 dr.¹
895 4570 1056 4637 concrescit
1084 4570 1292 4653 inprecatam:
1309 4570 1432 4635 mortale
1449 4614 1464 4632 .
1493 4567 1579 4631 Etsi
1625 4564 1687 4625 ur’r-

1634 4664 1654 4705 a
