3959 5259
431 156 1444 262 tuouuouuurnunntu.
1614 171 1760 268 167,

241 351 505 421 ALEXANDER
527 352 638 418 PAPA
658 351 735 416 VII.
758 352 814 417 &o
964 355 1091 419 Habetin
1120 355 1151 416 r'n
1180 347 1425 429 constitutionibus
1452 351 1632 414 Genernln'bus
1663 353 1758 434 Nostri

776 459 780 466 ⁴
1006 435 1122 499 Ordinis
1146 431 1200 510 Yus.
1226 455 1296 514 374.
1319 431 1359 495 (9
1379 435 1412 494 r'rr
1431 430 1549 494 Tbearrn
1571 436 1752 518 Regntnrinn

142 518 288 661 CUm,
319 515 389 581 ficut
410 515 494 584 nobis
515 534 606 601 nuper
626 527 660 580 et
703 513 734 577 ni
766 513 834 579 secit
853 512 923 580 dile·
1006 515 1170 595 Ianruscae,
1192 515 1273 578 verb.
1297 515 1439 577 Exerciria
1454 514 1636 595 spiritualin.

225 597 286 663 slus
305 596 402 662 Filios
420 597 553 661 Michael
574 600 660 673 Ange
673 595 923 660 urbambocaOr·

141 679 215 743 dinis
235 678 373 744 Fratrum
394 677 549 742 Minomrn
572 680 600 741 S.
621 676 766 741 Francisci
788 676 925 740 Minister
1007 681 1084 746 Item
1106 677 1266 742 notandum
1288 676 1345 752 eli,
1368 674 1446 757 quod
1459 676 1507 739 ubi
1529 674 1703 759 ipsePaulus
1713 680 1753 745 V.
1777 703 1812 746 ιο
1835 758 1837 762 ¹

142 758 320 838 Generalis,
353 759 386 828 in
405 757 544 840 capitulo
566 757 704 823 Generali
723 756 848 835 eiusdem
869 761 925 821 Or·
968 763 997 822 in
1019 762 1071 825 cit.
1095 757 1144 823 sua
1163 757 1288 822 Conslit.
1311 759 1341 833 §.
1368 777 1413 818 ιι.
1438 758 1478 820 (ἐν
1503 779 1548 821 ra.
1579 759 1675 822 varias
1696 760 1744 822 In-

140 839 217 905 dinis
245 838 397 905 novissime
417 833 519 902 Toleti
550 840 724 913 celebrato,
757 841 833 905 inter
867 837 927 901 alia
966 839 1129 925 dulgentias
1149 839 1282 902 concedit
1304 835 1492 919 Regularilrus
1512 839 1670 915 omnibus,
1701 840 1754 922 qui

142 922 286 986 decretum
317 919 430 994 suerit,
470 930 502 982 ιιι
533 920 671 997 seceslus,
703 919 733 981 δι
764 917 925 992 spiritualia
966 922 1030 987 suas
1058 919 1212 1003 respediive
1244 918 1383 982 Ecclesras
1413 919 1622 995 visitaverint,
1655 941 1687 982 ac
1719 921 1753 985 in

140 1001 407 1076 mortificationis,
438 998 470 1061 dt
487 999 642 1063 Orationis
674 1002 810 1066 mentalis
833 998 923 1064 Erret·
967 1004 1033 1100 ipsis
1052 1001 1218 1074 oraverint,
1241 997 1471 1062 &anteAltare
1493 998 1668 1083 praescriptas
1688 1022 1754 1067 ota·

141 1082 212 1149 ciria
242 1083 272 1143 in
301 1079 437 1154 omnibus
458 1078 624 1145 Provinciis
653 1080 848 1146 cismontanae
870 1082 924 1143 Fa·
965 1102 1062 1150 nones
1083 1079 1289 1152 recitaverintt
1311 1080 1342 1141 Si
1362 1078 1432 1140 diiii
1454 1081 1609 1164 Regulares
1628 1079 1752 1160 suerint,

139 1161 233 1226 miliae
250 1161 371 1225 Ordinis
400 1157 528 1244 predidsr
550 1161 783 1239 reassumantor,
813 1163 845 1226 oc
867 1161 924 1224 illis
965 1182 1016 1229 aut
1039 1162 1229 1238 infirmitate,
1257 1177 1307 1224 ant
1329 1159 1452 1236 itinere,
1483 1180 1534 1225 aut
1554 1162 1754 1245 undecumque

142 1246 258 1320 Fratres
279 1241 443 1308 eammdem
454 1240 674 1307 provinciarum
695 1241 851 1326 aliquoties
872 1242 924 1304 fin·
965 1267 1033 1310 vere
1055 1243 1214 1387 impediti,
1236 1265 1271 1307 ne
1294 1239 1401 1323 p'osfiut
1421 1242 1578 1306 Ecclesiam
1601 1245 1754 1327 propriam

144 1324 219 1410 gulis
238 1326 322 1389 annis
341 1339 467 1389 uacent.
965 1327 1045 1391 adire
1073 1347 1090 1389 a
1130 1323 1290 1387 recitandas
1322 1341 1418 1405 precer
1438 1322 1579 1398 injunctas
1609 1343 1662 1408 pro
1684 1346 1754 1389 con·

141 1407 247 1551 dugdb
262 1425 410 1550 Exercrtra
430 1483 595 1559 hujusmodi
615 1485 771 1563 dirigendis
792 1487 822 1548 in
843 1487 923 1549 uiam
965 1487 1007 1552 Iar
1027 1486 1150 1552 ubilibet
1172 1484 1315 1557 recitare,
1346 1499 1379 1548 ut
1401 1483 1437 1547 lta
1476 1504 1521 1549 tur
1550 1491 1581 1548 in
1601 1486 1775 1568 compendio·

140 1566 293 1643 Domini,
326 1567 357 1630 &
377 1563 585 1630 confirmandis
614 1566 644 1629 in
676 1568 728 1628 illa
748 1565 922 1630 christifide-
958 1568 1169 1653 prr'uileginmm
1189 1565 1268 1628 verb.
1295 1563 1468 1648 indulgentia
1486 1568 1555 1644 §.a
1582 1567 1618 1629 (9
1642 1572 1674 1630 in
1693 1574 1753 1632 Sor.

138 1649 214 1712 lium
244 1648 415 1723 mentibus,
445 1647 632 1712 devotionem
654 1649 790 1711 Fratrum
813 1661 922 1710 merno-
959 1653 993 1731 J.
1016 1650 1174 1714 Summano
1223 1648 1322 1730 iviseg.
1344 1645 1450 1709 Sandiae
1463 1648 1610 1726 Jujiinae5
1636 1650 1683 1712 lta
1704 1652 1755 1714 do-

139 1730 199 1794 tati
219 1727 366 1804 Ordinis,
397 1730 504 1809 quide
536 1729 651 1792 snorum
672 1728 858 1810 superiorum
892 1727 924 1787 li·
966 1727 1105 1798 iiiffimus
1126 1731 1159 1794 Ρ.
1214 1729 1264 1794 iva
1283 1732 1314 1791 in
1334 1726 1491 1812 Appendice
1512 1730 1764 1812 indulgentiarum

140 1809 240 1875 centia
259 1811 340 1894 operi
363 1809 434 1872 adeo
456 1809 524 1892 piu,
548 1810 579 1871 δι
600 1808 715 1874 salutari
736 1807 923 1881 vacaverint,
967 1813 998 1890 §.
1023 1833 1049 1875 1.
1072 1835 1149 1874 nnm.
1172 1815 1199 1871 ό.
1234 1808 1371 1872 Kilianus
1391 1808 1592 1908 Kazenberper
1623 1816 1653 1874 in
1673 1816 1755 1875 ciat.

136 1890 313 1956 coelesliunr
348 1888 479 1953 Ecclesiae
517 1889 714 1954 thesaurorum
754 1887 926 1970 elargitione
962 1893 1150 1976 supplement.
1173 1890 1325 1970 Theologiae
1344 1891 1557 1952 sacramentalis
1576 1894 1676 1955 Patris
1688 1896 1754 1974 spo·

135 1994 173 2039 πῃ
213 1971 236 2034 is
258 1970 384 2034 inritare
404 1969 554 2045 volentes,
577 1970 612 2035 dc
632 1971 856 2052 omnipotentis
871 1968 927 2033 Dei
967 1997 1011 2037 rer
1030 1991 1089 2054 capa
1110 1997 1138 2055 3.
1157 1970 1225 2049 seii.
1248 1992 1275 2032 2.
1297 1972 1331 2030 de
1354 1970 1538 2052 indulgentiis
1567 1976 1596 2036 r'n
1612 1975 1704 2055 specie
1723 1999 1754 2035 n.

137 2049 368 2129 miericordia,
400 2069 435 2114 ac
456 2052 609 2114 Beatorum
631 2051 709 2116 Petri
731 2051 762 2115 a
782 2050 864 2115 Pauli
885 2052 927 2113 A·
969 2057 1020 2136 83.
1044 2056 1086 2118 Et
1106 2054 1187 2118 addit
1208 2050 1316 2133 suugar
1337 2051 1418 2112 enan.
1431 2075 1460 2130 9.
1483 2071 1544 2135 cap.
1557 2073 1583 2112 2.
1606 2077 1682 2115 nunt.
1704 2074 1753 2130 24.

138 2130 321 2217 pouolnnun
344 2133 404 2205 ejus
423 2130 594 2196 austoritate
615 2131 742 2209 confisi,
773 2131 926 2209 omnibus,
970 2133 1136 2214 Religiosos
1165 2131 1297 2196 infirmos
1328 2131 1403 2215 posse
1437 2130 1569 2214 consequi
1601 2134 1754 2215 indulgen-

143 2216 175 2276 &
209 2209 325 2294 singulis
355 2209 480 2296 praediili
511 2212 827 2293 Ordinis‘Fratribus,
867 2230 930 2277 tam
970 2217 1029 2281 tias
1050 2216 1079 2280 in
1102 2215 1151 2278 suo
1173 2213 1272 2287 lesio,
1306 2213 1404 2274 sinon
1426 2210 1532 2294 possunt
1553 2212 1631 2277 adire
1653 2212 1754 2276 Eccle-

137 2291 282 2367 Clericis,
303 2313 391 2375 quam
414 2294 527 2369 laicis,
561 2293 608 2359 seu
627 2294 797 2372 Conversus,
827 2294 931 2377 quiin
973 2299 1063 2371 fiam,
1083 2293 1244 2360 dummodo
1265 2289 1440 2355 satisfaciant
1460 2312 1479 2354 o
1501 2293 1541 2356 eri
1563 2316 1581 2356 a
1601 2293 1652 2376 pio
1672 2292 1753 2357 Con·

139 2372 292 2437 Domibue
322 2374 512 2457 Regularibut
532 2373 755 2440 Provinciarum
786 2374 930 2459 pradiiia-
971 2377 1081 2440 sessario
1103 2373 1339 2459 ipsrsimposrtot
1364 2374 1411 2435 Ita
1429 2311 1588 2438 declaravit
1610 2372 1751 2458 ipsei’au-

136 2473 204 2516 rom
237 2455 270 2518 de
292 2453 407 2520 suorum
430 2453 615 2548 Superiorum
646 2453 764 2519 licentia
793 2454 930 2518 exercitia
969 2459 1016 2518 lus
1034 2462 1068 2520 V.
1089 2455 1350 2539 congregationis.
1374 2457 1474 2517 Mariae
1493 2454 1603 2520 Μέθη.
1633 2455 1681 2516 die
1706 2475 1752 2534 14.

132 2532 273 2617 pradidia
302 2555 353 2618 per
374 2533 482 2598 odlidur
513 2530 669 2616 spatium,
701 2534 928 2615 quandocunque
970 2536 1110 2602 Novemb.
1137 2539 1225 2613 1609.

131 2633 207 2698 pere
229 2615 327 2689 erint,
349 2614 380 2677 δι
402 2613 511 2675 interea
532 2614 674 2696 temporit
695 2635 763 2684 vere
783 2613 925 2696 preniten-
1010 2619 1086 2682 Item
1108 2616 1268 2681 notandum
1293 2615 1349 2690 eii,
1370 2618 1448 2697 qnod
1462 2662 1471 2694 ,
1487 2617 1543 2681 ubi
1566 2616 1624 2701 ipse
1646 2616 1751 2698 Paulus
1775 2635 1810 2678 ιι

132 2713 183 2760 tes
242 2691 375 2768 conselii,
397 2690 611 2757 sacrosanctum
624 2693 813 2756 Eucharistiae
831 2695 928 2756 Sacra·
966 2699 1009 2762 V.
1034 2699 1064 2761 in
1094 2697 1146 2762 cit.
1179 2691 1228 2760 sua
1248 2695 1465 2772 Constitutione
1497 2695 1525 2774 d.
1551 2719 1596 2776 ¹7·
1620 2698 1753 2763 concedit

130 2792 270 2840 mentum
283 2772 483 2856 sumpserint,
517 2774 633 2854 quoties
653 2774 682 2835 id
704 2774 837 2856 egerint,
870 2774 927 2855 ple-
970 2777 1184 2858 Indulgentiam
1215 2775 1373 2858 plenariam
1395 2777 1575 2859 ReligIofis,
1605 2778 1657 2859 qui
1686 2799 1751 2841 ora·
1841 2837 1846 2842 ,

133 2855 253 2918 nariam
275 2854 408 2918 omniurn
430 2868 614 2934 peccatorum
638 2851 752 2918 suorum
777 2853 928 2934 Indulgen·
970 2859 1099 2922 tionibus
1128 2855 1321 2939 quadraginta
1351 2856 1487 2919 horarum
1519 2858 1755 2952 aSuperioribus

133 2935 235 3010 riam,
256 2936 287 2997 δι
309 2931 518 2999 Remisironem
542 2932 571 2992 in
595 2933 726 2997 Domino
747 2933 943 2999 concedimur
966 2935 1246 3002 in‘Visrtationibus
1266 2935 1454 3001 Generalibus
1483 2936 1624 3000 ordinatus
1658 2936 1753 3020 spatio

131 3015 326 3099 presentibus
347 3015 375 3074 in
399 3019 568 3095 perpetuum
591 3007 747 3080 valituris.
779 3015 925 3080 Volumus
966 3021 1086 3082 duarum
1109 3016 1244 3082 horarum
1267 3015 1432 3081 indiverso
1463 3035 1594 3099 tempore
1616 3016 1752 3082 interno.

130 3113 262 3172 autent,
281 3095 380 3176 quod,
410 3089 504 3176 sipro
526 3095 750 3177 impetratione,
773 3095 924 3179 presenta-
969 3099 1049 3175 riut,
1080 3098 1112 3161 tc
1131 3095 1247 3163 conseffi
1268 3097 1579 3173 communicaverint,
1609 3116 1659 3162 aut
1679 3099 1753 3162 cele-

131 3177 251 3252 tione,
283 3172 481 3251 admissione,
514 3173 560 3238 sen
588 3175 784 3256 publicatione
813 3176 929 3259 praesen·
970 3179 1138 3249 braverint;
1160 3177 1324 3252 hujusmodi
1348 3177 1562 3260 indulgentiam
1585 3178 1753 3243 Provincia·

130 3258 219 3322 tium
242 3256 370 3340 aliquid,
403 3255 449 3319 vel
477 3256 633 3319 minimum
656 3257 755 3332 detur,
786 3275 836 3320 aut
858 3256 928 3340 spon
969 3258 1010 3323 les
1030 3256 1182 3322 societatis
1211 3255 1240 3318 in
1263 3257 1428 3322 uisitatione
1458 3257 1619 3338 largiuntur
1648 3257 1754 3340 absque

132 3359 173 3402 te
195 3338 327 3402 oblatum
350 3337 521 3419 recipiatur,
544 3337 663 3401 cedern*
676 3337 823 3421 praesentes
845 3337 929 3401 nulla
968 3325 1026 3405 lucc
1046 3359 1132 3403 onere
1149 3337 1307 3479 §intellige
1329 3336 1567 3413 institutioneqo.
1589 3337 1752 3418 horarum)

138 3421 205 3484 fint
225 3440 260 3484 eo
283 3418 372 3502 ipso,
396 3418 520 3513 ,quodue
551 3418 714 3482 earumdem
746 3417 928 3503 presentium
969 3440 1003 3483 ut
1034 3440 1067 3483 ex
1090 3418 1149 3481 Ctr
1168 3464 1176 3480 .
1197 3413 1232 3481 de
1254 3419 1336 3499 Lugo
1367 3417 1450 3482 docet
1474 3419 1554 3482 Viva
1583 3419 1604 3478 l·
1627 3443 1650 3481 c.
1673 3422 1703 3494 §.
1724 3441 1753 3499 ς.

296 1405 325 1470 ui
355 1406 444 1503 probe
473 1403 612 1469 novimus
650 1421 830 1502 quantopere
857 1422 923 1469 con·
966 1406 1116 1472 secutione
1136 1404 1327 1485 cujuscunque
1350 1402 1432 1466 Indul
1455 1405 1559 1481 entiae,
1591 1403 1697 1486 possunt
1719 1406 1754 1468 il-

130 3500 335 3583 transumptis
365 3515 454 3563 ettam
486 3499 525 3560 im
550 3497 652 3574 restis,
686 3521 775 3578 manu
805 3500 926 3563 Notarii
966 3500 1168 3579 Kazenberger
1195 3499 1247 3561 loc.
1270 3504 1318 3560 cir.
1340 3522 1416 3560 num.
1437 3499 1488 3576 83.
1510 3521 1545 3562 ex
1575 3496 1755 3562 concessione

125 3581 271 3668 publici,
294 3582 339 3648 vel
356 3578 505 3644 Secretarii
526 3518 726 3645 diatonicis
746 3579 924 3664 subscriptis,
967 3583 1047 3667 prius
1068 3579 1303 3661 Gregoriilllll.
1326 3577 1427 3642 deinde
1449 3578 1561 3641 Urbani
1575 3580 1668 3642 VIII.
1691 3580 1756 3663 post

127 3666 167 3729 ἃ
206 3662 299 3758 sugillo
330 3661 457 3725 Persona
490 3660 520 3721 in
559 3660 702 3743 dignitate
734 3659 929 3725 Ecclesiastico
968 3659 1181 3726 revocationem
1205 3660 1308 3724 sadiam
1330 3658 1453 3723 al’aulo
1466 3659 1506 3721 V.
1531 3659 1570 3723 Et
1592 3660 1680 3724 talem
1705 3661 1752 3722 ln·

125 3745 326 3818 constituta,
347 3741 393 3806 uel
415 3739 547 3803 Minislri
562 3742 711 3806 Generalis
732 3742 857 3824 pradidii
872 3744 927 3804 Or·
968 3741 1150 3820 dulgentiam
1181 3740 1339 3825 plenariam
1410 3739 1445 3803 sse
1474 3739 1563 3802 etiam
1585 3741 1750 3816 Praelatos,

124 3825 220 3888 dinis
242 3823 381 3896 munitis,
404 3822 501 3886 eadem
525 3822 718 3904 prorsusfides
739 3823 924 3899 adhibeatur,
967 3825 999 3889 δι
1021 3822 1192 3886 Visrtatorer
1218 3821 1341 3884 aIIorum
1364 3759 1575 3900 diliginsorun
1597 3823 1754 3902 concedere

120 3902 406 4053 ffipraestidbi‘
424 3903 492 4045 ipso
511 3903 711 3982 adhiberetur,
733 3901 859 3970 sisoreut
879 3925 926 3968 er·
968 3903 1025 4046 {uis
1056 3901 1225 4048 respeciivet
1240 3899 1544 4067 ifligiofissinmgi
1574 3901 1751 3964 visitatione

192 4005 262 4061 ιε,
284 4008 320 4052 ve
352 4003 485 4047 uena.
985 4003 1162 4059 novenos,
1192 4005 1211 4052 u
1266 4003 1372 4047 numus
1406 4006 1424 4043 u
1455 4007 1474 4044 a
1540 4003 1587 4045 .2.
1610 4003 1750 4060 utrumq.

990 4066 1043 4128 rid·
1063 4064 1127 4129 ibi·

126 4149 261 4217 Datum
294 4149 395 4210 Romae
425 4145 503 4229 apud
522 4144 653 4209 Sansiam
675 4145 805 4210 Mariam
826 4145 924 4221 Maio·
970 4069 1087 4212 xItem
1110 4145 1268 4213 notandum
1282 4144 1339 4224 eli,
1360 4147 1440 4229 quod
1449 4191 1458 4224 ,
1478 4166 1535 4209 non
1549 4145 1678 4210 obliaute
1699 4144 1740 4207 di·
1767 4162 1804 4205 ra

174 4250 244 4292 rem
266 4227 316 4292 sub
337 4225 924 4309 annuloPiscatorisdiett.]unii1659.
967 4228 1014 4292 tn
1042 4223 1257 4293 Constitutione
1287 4227 1371 4292 Pauli
1393 4229 1431 4290 V.
1462 4229 1574 4312 possunt
1596 4227 1751 4309 Regulares

172 4308 374 4380 Pontificatus
394 4310 482 4375 noilri
503 4329 580 4373 anno
600 4309 724 4391 quinto.
968 4306 1102 4392 consequi
1133 4327 1235 4373 ornnes
1256 4307 1453 4390 indulgentias
1471 4352 1480 4385 ,
1513 4327 1585 4403 quas
1614 4305 1750 4388 consequi

966 4392 1081 4480 poliunt
1103 4388 1281 4454 Saeculares.
1312 4389 1359 4451 Sic
1379 4387 1614 4452 communissima
1643 4388 1751 4450 Docio·

459 4489 464 4502 ·
595 4470 636 4536 G.
658 4470 844 4539 Gualtttiut.
965 4487 1031 4535 rum
1054 4489 1120 4533 cum
1143 4469 1266 4534 Kiliano
1288 4470 1488 4552 Kazenberget
1509 4470 1559 4532 loc.
1582 4472 1631 4531 rit.
1653 4470 1747 4543 n-8r.

700 4559 703 4568 '
965 4548 1111 4616 Reiil'ensl.
1143 4552 1192 4615 soc.
1215 4555 1262 4616 eit.
1293 4575 1369 4614 num.
1389 4558 1437 4628 ⁶4·
1467 4549 1640 4631 Bonagratia
1670 4549 1751 4612 Hab-

966 4631 1035 4699 sensi
1057 4637 1087 4707 in
1108 4633 1269 4714 interturria,
1291 4630 1369 4694 verb.
1395 4631 1568 4716 indulgentia
1588 4655 1663 4693 num.
1681 4648 1751 4690 221.

1299 4716 1361 4797 Gg
1402 4734 1421 4774 2
1584 4710 1688 4794 Peytiu
