3959 5259
230 230 232 237 ,
301 184 383 289 366
474 176 810 263 IMMUNITAS
841 174 1307 279 ECCLESIASTiCA,
1337 180 1406 259 bic.
1438 178 1556 262 Aac.
1588 166 1651 259 11(

237 290 290 353 biis
309 291 518 372 comprehendi
543 288 674 350 debere:
707 288 772 350 Nos
800 288 885 361 liujus
916 288 1015 351 nullia
1052 285 1214 369 jugulabit.
1246 289 1330 370 Qvod
1347 289 1374 362 li
1387 290 1528 364 fortuite,
1561 288 1600 351 Cr
1620 286 1726 366 absque
1745 283 1835 360 adia,

236 372 462 435 constitutionis
481 387 582 433 renore
602 366 825 430 declarationem
848 369 1012 450 pradisiam
1056 369 1096 431 (a
1116 369 1308 443 inimicitiis,
1339 391 1487 449 quicquam
1514 367 1608 429 baram
1633 369 1764 446 fecerit,
1797 366 1863 428 0·-

236 452 451 549 approbamus,
472 452 502 514 &
523 446 757 522 confirmamus,
789 448 871 530 eique
893 448 1016 511 invinia-
1057 448 1107 511 hac
1127 451 1257 511 audiente
1273 454 1369 530 papula
1384 452 1472 526 laetis
1493 448 1725 529 comprobatum,
1755 462 1844 527 arque

237 533 305 595 bilis
326 531 412 626 legis,
448 537 530 607 juxta
550 547 637 609 quani
659 532 689 590 in
710 531 926 592 occurrentibus
947 531 1013 591 casi-
1057 532 1130 593 inter
1143 531 1339 614 prcaffanm,
1363 529 1403 593 Θ
1419 531 1749 613 propinquemsaagainie
1768 549 1841 608 que·

235 613 289 676 bus
309 612 429 684 iudicari
451 610 574 674 omnino
595 610 716 683 debeat,
747 609 907 705 plenarium
929 611 1016 673 robur
1051 612 1104 689 liin
1123 614 1284 682 ventilon
1306 608 1473 672 liberabitur
1491 613 1614 672 innocens
1625 609 1660 670 ale
1673 610 1844 669 allamma·

236 691 418 762 adjicimus:
450 692 641 755 Decernenies
671 689 830 767 suniliiei,
864 711 898 754 ac
920 690 1013 753 decla·
1055 715 1120 766 nu,
1152 694 1193 757 (a
1213 694 1354 753 “ducetur
1379 694 1607 772 perseverentiam
1627 695 1658 754 ia
1679 690 1783 753 Urbem
1803 686 1846 748 ab

237 787 362 844 rantes,
397 770 445 835 sub
476 770 599 844 ejusdem
631 770 823 847 Clementis,
860 772 1015 852 nossraeque
1056 796 1140 852 qaam
1207 776 1346 854 fagnei,
1381 772 1558 852 manebitque
1586 768 1656 847 ibi,
1686 771 1772 833 denec
1792 774 1845 832 Sa·

237 852 323 925 hujus
352 851 577 917 Conliiruiionis
597 852 806 935 dispositione,
836 852 927 915 etiam
951 853 1014 913 Mi·
1056 858 1170 916 ceraas'
1209 878 1311 938 agnas,
1332 858 1382 935 qai
1395 855 1462 917 Olea
1476 851 1574 932 jandin
1593 851 1689 915 annus
1708 853 1764 932 eil,
1787 876 1845 913 ma·

237 930 303 996 lites
325 931 354 992 in
376 934 527 1008 omnibus,
552 934 582 996 dt
606 952 655 1014 per
674 932 776 995 omnia
797 932 1017 1015 comprehensos
1056 939 1162 996 riatur.

239 1012 312 1085 esse3
335 1033 386 1075 nec
409 1014 499 1076 ullum
525 1014 651 1076 militare
693 1013 856 1094 rivilegiuni
878 1058 888 1087 ,
912 1015 963 1077 liac
986 1014 1015 1073 in
1098 1015 1216 1078 Accidit
1237 1034 1334 1078 aurem
1359 1015 1386 1077 in
1411 1014 1606 1087 homicidiis,
1639 1015 1668 1076 id
1699 1013 1779 1096 quod
1814 1013 1845 1073 in

239 1111 342 1179 parre,
366 1093 430 1176 ipsis
451 1092 596 1177 suffiagari
619 1116 657 1176 po
679 1117 710 1167 e,
734 1111 785 1155 aut
805 1096 926 1156 debere.
1059 1094 1124 1158 aliis
1145 1095 1256 1158 ualidis
1285 1097 1412 1178 exceptis
1442 1096 1538 1159 locuni
1570 1115 1627 1157 non
1659 1094 1780 1167 habet,
1813 1113 1847 1157 ur

280 1177 418 1238 Praeterea
436 1196 526 1258 qiiurn
549 1177 577 1237 in
600 1173 716 1258 praesuta
735 1174 898 1237 Clementis
918 1173 1019 1239 Deces-
1060 1176 1111 1255 qui
1134 1177 1303 1258 percussus,
1335 1193 1385 1239 aut
1416 1177 1487 1239 iiius
1518 1175 1631 1248 suerit,
1663 1196 1721 1239 nnn
1747 1174 1843 1237 liarim

239 1254 309 1319 soris
340 1256 555 1320 Constitutione
593 1259 629 1318 ab
658 1254 853 1317 immunitatis
883 1254 1022 1334 pradidiae
1063 1257 1236 1329 moriatur3
1268 1254 1312 1321 sed
1333 1258 1502 1340 plerumque
1525 1276 1573 1339 per
1594 1255 1709 1334 aliquot
1730 1257 1843 1332 horas,

243 1335 385 1399 beneficio
407 1337 593 1402 excludantur
614 1356 746 1407 omnes,
783 1333 934 1414 &singuli
958 1353 1019 1398 ram
1062 1354 1112 1398 aut
1141 1338 1200 1400 dies
1231 1336 1363 1420 spirirum
1396 1338 1523 1399 trahat.
1556 1337 1677 1398 Interim
1702 1337 1844 1418 percussor

238 1416 351 1491 laici,
380 1438 468 1500 quani
493 1416 678 1481 Ecclefiallici
711 1412 868 1494 inquisiti,
901 1416 932 1477 n
955 1436 1019 1497 pro
1062 1419 1096 1477 an
1122 1418 1299 1491 Ecclesiam,
1320 1418 1453 1480 aliumve
1472 1419 1570 1481 locuni
1593 1418 1757 1480 immunem
1777 1439 1842 1480 con·

241 1497 356 1570 cessati,
382 1498 427 1561 vel
452 1500 481 1558 in
502 1498 720 1562 contumaciam
744 1494 876 1569 banniti,
900 1497 931 1557 ἃ
951 1517 1020 1558 con·
1062 1498 1195 1579 fugiens,
1219 1496 1304 1578 Asyli
1324 1503 1386 1571 jure
1407 1499 1539 1579 gaudet,
1571 1518 1630 1575 quo
1653 1498 1764 1581 privari
1786 1520 1841 1561 non

239 1578 367 1641 demnati
389 1600 425 1640 eir
442 1581 546 1658 caasa,
570 1579 608 1641 (a
629 1579 762 1654 accafione
780 1574 925 1638 homicidii
936 1619 948 1650 ,
981 1596 1020 1637 ee·
1063 1579 1186 1660 potest,
1217 1596 1250 1642 ut
1272 1579 1446 1655 homicida,
1477 1578 1617 1660 quamdiu
1649 1580 1789 1661 percussus
1808 1581 1842 1643 ab

239 1662 298 1722 iam
319 1663 349 1720 ia
369 1662 433 1720 rixa
452 1661 579 1738 eammiffi
609 1679 671 1719 cam
699 1659 815 1730 armis,
842 1660 891 1735 seu
924 1657 1020 1734 inflia·
1062 1680 1096 1721 eo
1120 1659 1147 1720 in
1170 1659 1247 1722 vivis
1267 1660 1360 1737 agit3
1389 1660 1516 1740 dumque
1548 1682 1583 1723 eir
1619 1658 1680 1737 ipso
1701 1660 1768 1725 loco
1790 1660 1839 1722 iui-

239 1742 453 1880 menrislaapie
472 1760 570 1802 natura
589 1736 917 1821 aptisadoccidendam,
940 1740 1019 1800 dam·
1062 1740 1143 1801 rnuni
1166 1741 1199 1801 de
1222 1739 1307 1803 saucii
1328 1741 1392 1804 vita
1414 1740 1524 1804 solicite
1545 1739 1695 1823 explorare
1717 1762 1776 1803 non
1796 1744 1840 1805 de·

239 1820 318 1881 mado
367 1821 526 1882 omicidium
548 1847 598 1883 nan
613 1823 704 1899 faerit
734 1818 869 1898 casuale,
902 1822 951 1882 vel
979 1823 1020 1883 ad
1061 1822 1156 1895 sinit,
1189 1821 1295 1883 deum
1326 1820 1434 1884 diutius
1455 1821 1598 1885 viiinium
1624 1821 1792 1901 intelligii,
1824 1846 1840 1887 a

233 1905 372 1983 propriam
404 1901 612 1978 defensionem
647 1902 725 1985 Saepe
754 1899 892 1984 disputari
921 1901 1017 1964 conii·
1059 1918 1145 1983 capro
1177 1885 1287 1982 Alylo'
1303 1922 1482 1983 nequaquam
1512 1899 1660 1973 discedit;
1691 1903 1740 1965 ubi
1773 1926 1840 1969 vero

239 1982 314 2122 pit,
345 2001 379 2042 an
405 1982 446 2055 is,
468 1984 597 2064 quinon
620 1986 714 2055 casu,
750 1980 795 2044 vel
827 2003 860 2043 et
892 1981 1018 2076 propria
1060 1981 1143 2042 illuni
1165 2002 1199 2044 ex
1221 2002 1342 2062 accepto
1363 1982 1585 2047 vulnerevitam
1606 1984 1839 2066 eminereagno·

258 2060 406 2125 esenfionis
439 2064 632 2139 necesstiate,
677 2062 867 2125 homicidium
901 2081 929 2122 in
959 2083 1024 2123 rixa
1065 2062 1135 2135 scii,
1158 2079 1270 2143 arrepta
1291 2062 1380 2144 suga,
1413 2063 1450 2124 M
1489 2063 1636 2125 istratuuni
1655 2063 1843 2145 diligentiam

240 2140 418 2206 commiserit
440 2144 571 2215 baculo,
601 2161 651 2205 aui
674 2143 770 2213 saxo;
800 2161 864 2224 quie
886 2139 1022 2216 scilicet,
1064 2161 1253 2223 proveniens,
1277 2144 1444 2226 tempestive
1477 2144 1516 2206 ibi
1538 2142 1678 2215 consulit,
1707 2146 1836 2210 meritas·

238 2224 286 2286 vel
308 2243 390 2285 arma
411 2245 468 2286 non
493 2224 585 2299 sunt,
616 2224 660 2287 vel
685 2224 767 2284 stira
798 2220 936 2304 appellari
958 2222 1020 2305 pos·
1062 2243 1120 2298 que
1138 2242 1236 2303 poenas
1258 2226 1363 2286 evasi.
1386 2225 1474 2297 Quod
1494 2245 1561 2286 curn
1585 2224 1695 2295 abiis,
1725 2229 1772 2305 qui
1794 2232 1837 2299 iii-

242 2302 334 2378 sent,
366 2324 422 2365 non
455 2323 553 2368 rameii
575 2325 656 2367 arma
676 2301 773 2386 suapte
793 2322 895 2364 natura
915 2302 1018 2365 ador>
1061 2305 1143 2366 uine
1163 2300 1391 2367 adininiiirandae
1426 2306 1567 2388 prepositi
1589 2304 1653 2368 suni
1676 2309 1770 2370 Nobis
1790 2333 1841 2371 eir-

238 2384 390 2446 cidendum
414 2402 483 2466 apta
503 2406 532 2449 re
555 2386 628 2448 utari
661 2382 785 2456 soleni;
817 2382 853 2445 ab
877 2383 1018 2446 Immuni·
1060 2384 1183 2467 positum
1215 2381 1300 2446 suerit
1329 2385 1449 2468 persepe
1478 2387 1627 2460 evenire,
1669 2388 1700 2448 ἀ
1727 2390 1845 2469 quidem

238 2465 309 2526 iaris
331 2463 432 2527 localis
454 2405 594 2530 beneicio
615 2463 746 2528 exclusus
766 2464 862 2527 haberi
883 2464 985 2529 debeat
1008 2507 1017 2528 .
1060 2486 1118 2527 non
1142 2467 1197 2527 sine
1219 2485 1324 2546 magna
1359 2467 1479 2546 publica
1499 2464 1727 2548 irenquiiiiieris
1749 2472 1848 2549 puni:

242 2544 446 2626 Nosigitui,
482 2547 563 2631 super
593 2546 754 2620 hujusmodi
775 2546 863 2610 dubio
884 2544 1019 2613 definien·
1060 2546 1104 2611 cie
1125 2589 1137 2621 ‚.
1168 2545 1207 2607 ob
1229 2547 1413 2627 impunitatis
1434 2546 1543 2627 spem,
1580 2568 1670 2643 quain
1691 2548 1844 2614 facinorose

241 2627 279 2686 do
301 2626 496 2705 decernimus,
518 2634 730 2712 quemcumque
752 2629 940 2692 Homicidam
963 2632 1020 2692 sive
1060 2630 1192 2692 homines
1213 2651 1246 2693 ex
1278 2626 1440 2700 hujusmodi
1471 2631 1612 2693 evasionis
1641 2629 1743 2693 fidncia
1772 2653 1842 2695 con·

240 2706 377 2775 Virum,
410 2708 467 2772 sive
499 2710 689 2784 Mulierem,
725 2711 782 2775 sive
802 2711 956 2787 inicum,
988 2712 1019 2772 si-
1061 2711 1193 2794 cipiuni3
1217 2710 1361 2789 iidemque
1384 2709 1573 2791 postularint,
1599 2708 1755 2784 hujusmodi
1776 2735 1840 2774 ina·

238 2809 275 2849 ve
308 2787 532 2853 Ecclesiasticum
576 2789 764 2866 secularem,
806 2809 855 2855 ant
898 2790 1022 2865 cujusvis
1063 2792 1123 2853 lum
1152 2792 1326 2877 opportunis
1359 2789 1548 2877 providentia
1575 2791 1680 2857 Nostia
1699 2793 1835 2858 remediis

237 2868 357 2929 Ordinis
380 2868 577 2950 Regularem,
608 2873 659 2951 qui
689 2871 778 2934 eiiam
802 2870 935 2946 bacuio,
967 2889 1018 2935 aut
1060 2871 1222 2937 submoveri
1237 2892 1249 2946 3'

239 2947 307 3010 saro
330 2951 495 3028 proximum
518 2952 598 3014 suum
629 2951 796 3025 occiderit,
831 2952 1018 3016 Eccsesiallici
1071 2978 1076 2985 ’
1101 2954 1169 3016 ideo
1192 2957 1274 3029 Nos,
1298 2959 1332 3023 de
1353 2961 1554 3042 pradisioruiti
1574 2964 1715 3028 Fratrum
1734 2961 1840 3023 nostro·

237 3026 366 3108 conligri
388 3030 527 3093 beneflcio
551 3031 825 3112 minimegaudeie,
847 3031 895 3094 ubi
917 3055 951 3096 ex
970 3035 1017 3096 de·
1060 3056 1155 3109 runi,
1185 3035 1366 3120 aiiorumque
1397 3044 1579 3125 prudentium
1613 3043 1765 3116 consilio,
1794 3062 1843 3123 prr

237 3107 300 3168 licit
320 3110 540 3202 circumstantiis
561 3111 775 3192 dignoscatur,
800 3111 1018 3192 lirinensium,
1059 3116 1206 3197 presentes
1227 3119 1422 3199 decernimus,
1454 3145 1488 3186 ac
1511 3127 1702 3200 mandamus,
1726 3139 1759 3187 ut
1778 3142 1841 3205 per·

237 3207 374 3267 quamvis
397 3190 425 3282 in
448 3192 735 3268 eisarneinaim,
758 3214 815 3256 non
838 3191 930 3268 casu,
966 3213 1018 3258 aut
1058 3197 1163 3262 tuliore
1184 3201 1218 3261 ad
1241 3201 1428 3278 aeleram,
1459 3205 1588 3270 aliumve
1618 3207 1760 3277 sacrum,
1791 3220 1841 3264 aet

237 3288 270 3327 ei
295 3268 444 3362 necessaria
462 3270 639 3346 defensione,
673 3272 718 3335 sed
740 3290 772 3336 eii
794 3272 862 3335 odio
880 3317 891 3347 ,
912 3276 947 3336 di
965 3296 1016 3338 no·
1059 3277 1220 3359 religiosum
1245 3280 1340 3346 locum
1363 3285 1571 3368 confugiente,
1605 3283 1780 3365 fiCiiimrgi
1801 3283 1841 3344 ad

236 3348 319 3438 cendi
349 3366 476 3443 animun,
509 3371 541 3413 ac
573 3352 727 3416 voluntate
756 3353 917 3435 prodiisse.
946 3356 1020 3430 Qua
1060 3358 1266 3441 inspiciendum
1287 3366 1391 3429 vulnus
1412 3368 1518 3445 acciti,
1535 3393 1624 3454 grave
1645 3370 1834 3450 vireperiw

236 3426 355 3520 quidem
376 3426 508 3494 delinitio
529 3434 624 3495 nollra
653 3432 810 3497 conformis
841 3435 879 3496 eli
908 3435 1014 3499 divina
1058 3440 1116 3500 lam
1146 3443 1234 3507 adesse
1264 3447 1441 3520 retulerint,
1478 3451 1619 3530 percussor
1651 3448 1711 3534 ipse
1742 3446 1842 3514 elvw

236 3505 331 3587 Legi,
348 3527 414 3601 qnae
435 3509 556 3606 habetur
577 3514 612 3575 in·
629 3514 717 3575 Libro
732 3517 930 3577 Numeroriirn
953 3536 1017 3600 cap.
1061 3521 1185 3585 immuni
1208 3522 1325 3590 servatis
1348 3524 1491 3593 servandis
1512 3533 1685 3605 extrarius,
1722 3526 1843 3593 ceneri·

236 3607 284 3680 3³:
308 3587 379 3661 ubi,
398 3590 553 3685 designaris
572 3594 757 3657 Civitatibus*
775 3594 874 3674 refugii
897 3616 949 3676 pio
960 3599 1014 3674 iis,
1059 3602 1110 3664 bus
1132 3606 1335 3686 mancipetori
1357 3608 1410 3672 hac
1431 3625 1531 3675 tamen
1553 3612 1632 3695 lege,
1655 3632 1691 3677 iis
1712 3609 1844 3673 Eccsefiz

234 3684 286 3761 qui
309 3665 473 3766 sanguinem
505 3676 639 3755 proximi·
664 3675 795 3738 nolentes
828 3674 1014 3756 effudissent,
1057 3686 1180 3747 omnino
1209 3687 1400 3762 relliiuarur,
1438 3692 1485 3753 ubi
1510 3694 1563 3767 is,
1619 3695 1646 3755 ui
1670 3693 1837 3757 vulneratos

236 3764 278 3808 iia
299 3746 479 3832 subiungitur
499 3792 524 3803 ·-
545 3761 578 3817 Si
595 3760 659 3839 quis
675 3759 750 3834 serre
763 3758 945 3838 peecaffeeie,
975 3761 1019 3823 (a
1056 3761 1144 3827 suerit
1173 3809 1182 3840 ,
1226 3766 1300 3831 viiia
1340 3787 1456 3852 tempus
1486 3797 1504 3837 a
1535 3715 1659 3855 Iegiiem
1705 3774 1836 3836 coniliru·

235 3845 354 3925 marium
368 3832 456 3930 fuerit
476 3840 526 3916 qui
539 3838 675 3918 percieffiee
697 3838 754 3914 esi,
772 3859 833 3897 reue
852 3843 907 3900 erle
926 3838 1013 3900 homi·
1055 3860 1150 3915 tum,
1182 3843 1313 3927 superstes
1335 3852 1447 3924 vivat,
1479 3855 1509 3917 di
1530 3856 1645 3937 qiiidern
1672 3853 1722 3918 snb
1743 3851 1840 3915 iisdem

236 3908 329 4005 ΜΨ,
362 3913 401 3973 (Ψ
421 3918 477 3998 ipse
498 3922 656 3979 morietur.
687 3920 721 3980 51⁴
746 3919 872 4001 lapidem
884 3922 983 4005 jecerit
1002 3966 1022 3999 ,-
1055 3924 1179 4005 poenis,
1211 3929 1314 4008 quibus
1336 3931 1365 3992 in
1399 3938 1566 3999 memoraris
1603 3936 1776 4008 Benedidii,
1805 3936 1841 3998 dt

239 3987 279 4048 (v
301 3990 371 4052 enus
391 3997 547 4096 occubuerit
568 4043 578 4094 ’.
603 3999 736 4075 semiliter
752 4004 901 4080 punietur.
923 4006 956 4065 si
975 4005 1011 4064 li·
1056 4006 1218 4069 Clemenris
1240 4010 1358 4073 Litteris
1380 4012 1406 4073 ii‘
1424 4013 1644 4095 subjiciuntur,
1678 4021 1728 4087 uui
1749 4016 1839 4079 dei'ni·

235 4088 289 4163 geo
314 4077 461 4167 §perculsus
494 4086 659 4152 mieeierie,
700 4080 857 4160 pereafferis
880 4085 1016 4165 sanguine
1055 4106 1192 4161 qnentem
1213 4110 1247 4152 eir
1270 4091 1383 4155 indiciis
1403 4097 1439 4156 ad
1461 4116 1607 4161 torturam·
1637 4096 1846 4164 sufficientibus

235 4146 457 4247 predicabatur.
500 4164 672 4242 Propinquus
700 4160 804 4236 occist,
837 4164 1016 4226 Homicidam
1058 4168 1107 4229 sibi
1137 4169 1278 4234 rradiriim
1319 4175 1461 4240 iesliiuere
1495 4179 1661 4254 recusent,
1693 4181 1846 4263 postquam

237 4229 386 4328 interficiet
406 4258 419 4306 ;
440 4239 543 4332 'statim
563 4260 595 4301 ai
616 4241 824 4323 apprehenleeii
847 4264 936 4319 eune,
972 4250 1014 4308 in·
1057 4248 1093 4310 iis
1115 4249 1143 4310 in
1175 4249 1231 4314 suis
1253 4250 1459 4322 defensionibus
1480 4259 1645 4334 hujusmodi
1672 4261 1785 4325 indicia
1805 4258 1845 4319 di·

237 4310 380 4399 reficiet„
400 4321 443 4411 ‘Si
459 4337 510 4399 per
529 4320 622 4381 odium
642 4327 705 4403 quie
734 4322 868 4384 bominem
898 4329 1013 4405 impule—
1056 4328 1165 4393 luerit.

235 4408 291 4468 Μ,
323 4394 373 4456 vel
388 4405 487 4496 frmi?
507 4405 649 4498 quippiam
668 4408 698 4464 in
717 4420 843 4483 eam-per
862 4406 976 4477 insidier
1000 4430 1013 4469 ··
1096 4413 1182 4486 Quod
1204 4438 1274 4480 vero
1304 4419 1335 4481 in
1364 4421 1455 4485 citata
1475 4423 1613 4504 Gregorii
1637 4421 1848 4488 Praedeceii'oris

235 4492 284 4569 aar
303 4496 365 4535 ‘um
386 4481 450 4557 ‘'ff“
470 4505 630 4579 ΜΝ)
662 4506 744 4572 mm
760 4485 919 4566 pereufferii
939 4533 948 4563 ,
971 4491 1014 4552 Θ
1052 4493 1297 4569 Constitutione,
1339 4503 1415 4564 circa
1444 4501 1613 4570 nausearent
1644 4501 1845 4570 demandandi

234 4556 283 4647 ille
302 4574 420 4620 mortuae
435 4562 555 4657 secerne:
586 4568 746 4644 paraliae,
780 4564 926 4628 homicidii
953 4593 1013 4631 reae
1051 4576 1261 4642 extradiionem
1283 4581 1513 4662 delinquentium
1536 4610 1551 4650 e
1574 4587 1638 4651 loco
1663 4584 1782 4652 immuni
1808 4584 1846 4641 in

233 4653 309 4709 'mi
329 4659 460 4722 “dnm‘'
479 4644 574 4724 occist,
590 4644 689 4725 balim
708 4666 741 4709 ’ἲ
760 4652 1011 4734 nemeaeum,
1057 4656 1162 4723 cuibus
1182 4664 1333 4747 exceptis,
1353 4665 1491 4731 staturum
1514 4667 1589 4744 scin
1625 4691 1657 4736 ur
1679 4669 1779 4735 sciisset
1805 4684 1845 4725 θ*

1765 4750 1808 4809 ad
