3959 5259
297 85 388 250 ξφ
565 129 1520 222 Hanunoflaourruo

234 255 281 317 seu
313 246 503 329 Androgiuos
533 243 740 330 participantes
768 244 802 308 de
833 260 955 325 utroque
985 242 1026 307 se·
1069 242 1148 305 chin.
1169 245 1204 305 de
1224 240 1448 324 Hennapbtode't.
1471 241 1526 302 lib.
1551 262 1577 303 r.
1599 242 1773 314 Scbenchius
1797 254 1849 320 lib.

236 356 294 408 xo,
320 331 395 413 apud
416 348 517 393 omnes
539 330 578 391 est
600 328 629 390 in
650 326 791 401 coufelio,
815 326 882 389 teile
904 323 1027 406 iplamet
1068 348 1098 402 4.
1120 323 1226 404 observ.
1249 329 1279 387 in
1293 325 1415 406 princip.
1439 322 1549 396 Majol.
1570 323 1606 384 de
1627 331 1682 388 Ine
1700 333 1772 393 ulae.
1802 336 1855 402 tib.

240 412 438 498 experientia,
460 410 491 471 ἃ
511 407 606 492 plures
627 406 786 471 reseruntur
806 405 906 487 patiam
928 427 945 465 a
970 406 1027 468 Do
1073 427 1098 466 r.
1131 422 1188 485 cop.
1222 426 1271 484 27.
1303 404 1421 466 Riolau.
1451 404 1486 464 de
1506 355 1705 490 Hannoni.
1733 432 1796 495 cap.
1828 417 1856 482 8.

238 494 386 568 floribus,
409 509 441 554 ut
462 489 559 553 videre
582 490 620 550 est
641 488 716 569 apud
738 485 890 568 Pignatell.
921 503 1027 563 tuma.
1069 486 1175 547 Zaccb.
1198 486 1288 564 quest.
1310 485 1416 546 Medic.
1438 487 1532 567 legal.
1552 488 1604 549 lib.
1638 512 1666 568 7.
1702 495 1752 554 tit.
1778 516 1803 556 r.
1825 523 1855 578 q,

240 575 354 658 consult.
378 594 426 654 34·
467 592 495 631 er
517 587 566 629 tot.
590 566 715 632 Dotrell.
739 571 768 630 t'n
794 566 985 652 dentulugdib.
999 588 1027 626 2.
1069 568 1099 627 8·
1113 585 1165 648 per
1184 584 1233 626 tut.
1256 561 1343 649 Cosp.
1364 567 1409 626 nel
1428 567 1545 627 Giudt'ce
1576 573 1687 633 crimin.
1715 592 1791 652 port.
1826 599 1853 643 2.

237 676 295 740 cap.
323 674 368 731 17·
390 586 533 731 Uedyam
557 648 649 726 instit.
671 651 781 711 crimin.
802 648 853 709 tib.
876 671 903 729 3.
923 653 973 709 tit.
999 668 1026 725 5.
1069 667 1131 727 cap.
1154 667 1183 723 7.
1205 670 1281 711 num.
1303 668 1354 721 40.
1379 649 1417 708 (9
1433 649 1558 727 sequent.
1593 650 1641 712 ubi
1670 655 1749 732 quod
1780 657 1855 718 fimi.

201 768 217 826 3
243 767 261 803 a
283 758 358 798 num.
382 753 450 808 ²05·
474 731 533 792 Ubi
554 751 589 794 ex
620 729 708 793 variis
739 728 900 792 nonoribus
930 727 1027 792 varios
1067 723 1105 787 lis
1123 723 1202 787 casus
1222 726 1320 790 evenit
1350 725 1487 808 Spoleti,
1518 745 1648 810 tempore
1677 753 1737 810 quo
1769 737 1857 803 iiude.

240 817 325 885 refert
349 809 512 884 hujusmodi
533 807 632 884 casus,
666 810 739 872 iuter
769 830 842 891 quos
871 827 960 871 unum
992 807 1027 869 de
1069 806 1120 867 bat
1140 806 1239 881 Senis,
1261 809 1290 869 in
1312 827 1369 886 qua
1390 807 1523 870 Ciuitate
1545 830 1612 871 cum
1645 812 1698 874 tali
1730 817 1855 881 Herma·

241 896 365 982 quadam
387 890 517 955 Moniali
539 890 569 951 in
605 892 700 953 virum
731 888 888 963 conversa,
918 909 981 971 qua
1011 909 1029 949 a
1068 886 1206 967 phrodita
1226 886 1280 950 fuit
1302 885 1371 970 sape
1392 888 1554 960 allocutus3
1583 890 1694 974 Ursaya
1724 898 1772 958 loc.
1803 908 1852 964 cit.

240 974 422 1044 Monallerio
443 970 578 1055 expulsa,
609 968 664 1033 fuit
696 970 797 1033 exinde
826 986 859 1032 ut
889 966 1028 1050 persedius
1068 991 1086 1025 a
1106 991 1181 1029 num.
1207 988 1275 1029 212.
1297 971 1337 1030 ad
1359 988 1429 1047 215·
1463 970 1495 1030 δι
1525 968 1594 1032 facit
1624 973 1703 1036 casus
1732 981 1854 1044 coriolos

241 1063 289 1128 nie
310 1054 457 1118 ordinatus
493 1051 653 1127 Sacerdos,
683 1052 714 1113 δι
743 1049 832 1111 salius
862 1049 1028 1112 Canonicus
1070 1046 1174 1109 relatus
1191 1051 1275 1128 [upra
1294 1071 1370 1109 num.
1395 1072 1422 1123 5.
1445 1050 1479 1112 de
1501 1048 1611 1113 duobos
1642 1054 1701 1117 iliis
1732 1059 1853 1123 Herma·

244 1142 273 1203 S,
296 1134 402 1198 Maria
423 1136 452 1195 iu
488 1134 546 1195 Via
568 1133 628 1195 lata
659 1133 693 1193 de
723 1131 821 1203 Urbe,
852 1127 904 1208 qui
935 1127 1027 1191 fuerat
1069 1127 1211 1208 phroditis
1232 1130 1309 1218 iuter
1331 1126 1357 1188 se
1380 1129 1579 1192 Matrimonio
1607 1137 1793 1211 conjuretis,
1823 1143 1853 1204 ἃ

242 1215 388 1281 Mouialis
409 1216 439 1276 in
481 1215 585 1277 uodam
608 1209 786 1273 Monailerio
816 1206 939 1279 eiusdem
969 1209 1025 1269 Ur·
1068 1208 1207 1270 ambobus
1228 1208 1354 1288 gravidis
1377 1207 1526 1271 inuentis.
1549 1213 1613 1274 Nec
1634 1211 1795 1280 fabulosum
1816 1224 1890 1286 eli8

238 1301 308 1371 bis;
331 1298 355 1358 is
376 1294 430 1357 fuit
451 1236 527 1357 filius
548 1291 656 1355 Laertii
679 1287 857 1361 Cherubiui,
878 1289 929 1369 qui
949 1289 1026 1350 obiit
1068 1287 1140 1359 hoc,
1166 1288 1267 1351 babere
1288 1287 1377 1349 etiam
1400 1288 1533 1351 mulieres
1556 1291 1619 1355 suos
1639 1297 1803 1373 testiculos,
1825 1304 1854 1364 ἃ

238 1377 400 1522 inliti
419 1368 808 1516 iiiiiii‘qlins‘i‘liffi
828 1368 1028 1509 duffii:
1067 1367 1589 1530 552¹³{limttrzlltznlii‘
1609 1373 1697 1518 ⁰ie³d
1721 1383 1855 1524 ”unffi
1976 1439 1977 1444 ‘

243 1506 373 1603 onereb.
397 1534 500 1613 Eccles.
529 1495 602 1593 nella
630 1533 746 1593 Diaron.
776 1528 855 1590 della
883 1529 965 1589 Scala
981 1529 1034 1608 ful.
1075 1528 1193 1589 modum
1217 1530 1245 1588 in
1267 1528 1359 1610 Lydia
1380 1528 1492 1589 callrarl
1514 1473 1639 1595 affirmpdt
1670 1477 1804 1603 lildiatus
1825 1546 1858 1604 in

209 1646 231 1703 4
254 1624 342 1700 1877.
366 1619 464 1679 Immo
485 1613 560 1695 apud
583 1611 687 1684 Indos,
709 1613 739 1672 δι
760 1608 887 1670 maxime
909 1611 939 1669 in
963 1611 1030 1671 Pro·
1073 1610 1096 1668 l.
1118 1611 1293 1688 Spadonum,
1310 1611 1348 1684 ff.
1371 1611 1405 1668 de
1424 1608 1501 1670 verb.
1518 1612 1670 1694 fignificat,
1695 1618 1734 1680 (u
1753 1619 1806 1681 lib.
1827 1645 1859 1697 4.

244 1701 345 1767 vincia
365 1695 489 1758 Florida
511 1695 540 1754 in
565 1692 703 1754 America
724 1709 807 1752 tanta
837 1688 876 1748 est
906 1690 1030 1750 Herma·
1073 1693 1134 1749 anti
1154 1734 1161 1750 .
1184 1688 1245 1750 teu.
1268 1711 1326 1751 to.
1353 1712 1396 1751 ιο.
1419 1690 1473 1751 lib.
1497 1714 1544 1753 20.
1568 1714 1626 1776 cap
1654 1707 1700 1772 14„
1733 1700 1859 1778 relatus,

246 1780 448 1868 phroditorum
470 1773 573 1855 copia,
595 1792 628 1836 ut
649 1792 682 1834 eo
711 1772 781 1852 quia
802 1767 904 1830 robusti
917 1767 978 1831 lunt
1000 1770 1031 1831 δι
1072 1773 1102 1833 δι
1135 1786 1232 1832 ecutus
1252 1791 1270 1831 a
1292 1708 1445 1850 iignarell.
1467 1788 1572 1848 tom.4.
1594 1781 1705 1856 confiuit.
1720 1802 1767 1860 34.
1779 1804 1859 1842 mm.

243 1861 337 1935 eroli,
361 1860 556 1930 iumentorum
579 1853 645 1915 loco
666 1848 850 1922 inserviunt,
887 1868 972 1929 prout
994 1851 1028 1912 de
1075 1872 1101 1912 1.
1124 1849 1322 1928 immoquod
1344 1871 1432 1925 mas,
1463 1850 1494 1911 δι
1522 1851 1626 1918 semina
1655 1857 1747 1921 solum
1779 1863 1902 1938 acci-9

240 1940 318 2002 uitta
356 1935 510 1999 Provincia
552 1932 676 1996 Florida
717 1930 835 1993 tollatur
868 1928 964 1999 Jalon.
999 1935 1028 1991 in
1070 1928 1224 1991 dentaliter
1246 1931 1319 1994 inter
1340 1929 1366 1992 se
1387 1928 1548 2007 differant,
1578 1936 1607 1996 δι
1635 1939 1712 2016 qood
1737 1942 1864 2022 genita.
1966 1933 1972 1984 l

240 2019 358 2082 Theoti.
380 2015 449 2079 Orb.
471 2033 565 2077 terrae.
586 2031 651 2073 tom.
676 2031 703 2089 3.
725 2011 770 2071 his
792 2008 909 2074 uerbis:
931 2007 1026 2071 Abun-
1077 2008 1117 2069 lia
1139 2010 1215 2083 viri,
1238 2029 1271 2071 ac
1301 2009 1413 2073 femina
1445 2010 1505 2073 solo
1534 2013 1588 2077 fito
1615 2016 1823 2100 distinguantur
1852 2066 1865 2095 ,
1967 2019 1972 2036 '

241 2102 291 2162 dat
311 2102 397 2180 Regio
416 2092 669 2178 ilermapbroditis,
698 2114 812 2170 quorum
841 2090 941 2169 servili
970 2107 1030 2171 ope·
1077 2105 1110 2151 ut
1130 2090 1208 2170 quod
1229 2091 1276 2153 vir
1296 2090 1399 2154 habeat
1427 2092 1567 2170 genitalia
1595 2093 1690 2171 foris,
1720 2122 1754 2162 eo
1783 2103 1868 2179 quia

242 2206 294 2253 ea,
317 2181 535 2258 mancupiorum,
553 2176 788 2257 jumentorumque
808 2174 863 2230 loco
895 2188 1028 2246 utuntur,
1071 2188 1189 2252 propter
1209 2171 1268 2241 ejus
1289 2171 1467 2233 caliditatem
1490 2173 1682 2255 expellantur,
1715 2178 1746 2239 δι
1774 2178 1867 2241 femi·

247 2279 335 2332 uuem
357 2256 440 2320 refert
461 2255 549 2318 etiarn
573 2250 722 2317 Verricell.
744 2254 774 2311 in
795 2249 876 2312 troii.
900 2254 935 2313 de
956 2256 1028 2333 Apo·
1072 2271 1110 2312 na
1130 2251 1278 2313 contiueat
1301 2252 1395 2326 intus,
1418 2274 1453 2314 eo
1473 2255 1542 2335 quia
1562 2274 1681 2338 propter
1700 2256 1787 2341 ipsius
1809 2259 1862 2321 fri-
1969 2295 1975 2330 e

241 2341 345 2418 stolicis
365 2333 538 2413 Mifflonibus
557 2337 603 2395 tit.
630 2353 675 2410 14.
698 2331 856 2409 Mscellan.
886 2356 933 2413 qu.
957 2352 968 2393 r
977 2336 1027 2410 96.
1070 2331 1224 2408 giditateru
1249 2331 1327 2395 intus
1348 2333 1551 2410 retineantur,
1584 2355 1662 2400 tenet
1690 2344 1862 2404 communis
1970 2349 1975 2376 ¹

243 2418 352 2484 dubi.
374 2437 491 2480 numa.
512 2416 563 2495 qui
587 2411 698 2475 aanor
728 2411 800 2476 ibid.
833 2412 871 2473 (9¹
900 2411 966 2473 dub.
982 2415 1027 2492 se·
1069 2413 1257 2485 Graecorum,
1279 2414 1309 2475 ἃ
1333 2413 1464 2476 Arabum
1489 2416 1675 2479 Medicorum
1699 2419 1859 2496 sententia,
1975 2467 1977 2484 .

264 2518 338 2561 uent.
360 2519 395 2562 ex
419 2495 588 2570 Demetrio,
608 2492 732 2566 Plinio,
757 2493 789 2555 ἃ
818 2491 932 2556 ffiliauo
964 2513 1028 2573 pro·
1071 2509 1103 2553 ut
1134 2491 1286 2567 Galenus,
1320 2492 1470 2574 ffigineta,
1505 2497 1691 2572 Avicenna,
1727 2501 1858 2577 Rufius,
1971 2503 1975 2568 ξ

244 2525 317 2656 lat,
340 2579 463 2660 Lepores
483 2593 638 2653 utrumque
659 2571 755 2634 sexum
779 2572 900 2647 habere,
922 2574 1028 2636 &mu
1070 2572 1102 2634 δι
1139 2571 1189 2632 alii
1229 2573 1304 2653 apud
1336 2573 1483 2636 Andream
1524 2578 1712 2641 Laurentium
1754 2583 1856 2659 iiiior.
1972 2575 1977 2658 l

246 2680 298 2723 tuo
320 2659 402 2722 coita
421 2656 523 2737 absque
545 2652 661 2716 feminis
682 2672 782 2715 eorum
805 2652 926 2735 speciem
960 2674 1026 2736 pro·
1070 2672 1192 2713 anatona.
1215 2654 1267 2714 lib.
1290 2676 1318 2730 7.
1340 2656 1431 2733 quest.
1454 2657 1483 2716 8.
1506 2658 1589 2719 Unde
1624 2659 1754 2722 Galenus
1782 2667 1802 2722 l.
1828 2684 1856 2723 a.
1971 2719 1974 2732 ,

248 2760 371 2819 pagare5
403 2737 521 2816 darique
550 2732 815 2814 Hermaphroditus
843 2754 964 2813 parem,
997 2735 1028 2796 δι
1069 2734 1103 2792 de
1118 2735 1220 2811 femin.
1243 2734 1279 2797 src
1299 2732 1405 2817 precise
1435 2737 1506 2798 ait:
1541 2739 1586 2813 Efl
1618 2744 1693 2802 enim
1722 2749 1858 2825 proportio

246 2819 397 2902 perfodiam
419 2815 579 2896 potentiam
601 2815 736 2876 habentes
756 2812 909 2893 gignendi,
931 2815 961 2875 ἃ
975 2833 1025 2894 pa·
1067 2818 1190 2875 unanima
1220 2818 1291 2875 inter
1319 2815 1454 2894 genitalia
1494 2821 1613 2899 masculi
1644 2821 1683 2884 (u
1709 2823 1851 2899 simine,-

205 2922 220 2980 5
244 2899 361 2962 riendi.
395 2898 435 2957 Et
463 2896 497 2958 de
528 2893 601 2956 ladio
630 2892 741 2954 Thom.
772 2893 873 2954 Franc.
903 2893 937 2958 de
969 2895 1024 2956 Re·
1065 2898 1168 2956 Omnia
1186 2898 1300 2975 quidem
1318 2896 1454 2975 genitalia
1474 2899 1594 2960 membra
1613 2920 1674 2962 tum
1703 2907 1844 2982 mausculut,

241 2978 347 3042 moral.
370 2980 439 3054 tons.
454 2996 500 3053 25.
519 2982 570 3053 per
589 2991 639 3033 tot.
662 2970 773 3050 Ursaya
796 2972 882 3049 inslit.
913 2978 1024 3036 crimin.
1067 2993 1127 3034 tum
1153 2977 1260 3051 femina
1288 2974 1387 3037 babere
1418 2978 1511 3040 eadem
1540 2982 1699 3054 videntur,
1723 2984 1845 3063 pofitione

242 3059 296 3121 lib.
319 3079 346 3139 3.
367 3062 414 3118 tit.
430 3059 455 3133 ς.
478 3079 506 3116 n.
532 3050 742 3131 215.&alii,
775 3051 897 3116 referunt
931 3056 1024 3116 curio·
1066 3073 1197 3131 tantum,
1221 3056 1259 3118 (u
1280 3059 1470 3142 magnitudine
1499 3060 1655 3138 differentia
1668 3089 1681 3136 ,·
1713 3068 1788 3145 Quin
1811 3065 1850 3125 (a
1976 3109 1977 3126 r

248 3139 311 3202 lum
334 3136 429 3199 caium
452 3136 570 3197 duorum
605 3131 941 3212 Hermaphroditorum,
974 3135 1026 3215 qui
1067 3138 1137 3216 vasa
1157 3137 1231 3215 telles
1251 3142 1401 3202 nutrientia
1420 3144 1528 3221 utrique
1542 3145 1665 3222 seruiet
1684 3144 1784 3221 iisdem
1805 3166 1852 3204 ve·

245 3221 321 3281 inter
342 3216 369 3279 fe
390 3214 617 3277 Matrimonium
640 3231 788 3291 tamquam
813 3214 875 3286 vir,
892 3215 923 3275 δι
944 3213 1026 3278 femi·
1067 3223 1134 3291 nis,
1158 3221 1197 3279 (a
1219 3224 1329 3281 arteriis
1346 3220 1515 3302 procedunt;
1537 3225 1568 3285 a
1588 3223 1775 3288 conlimiliter
1806 3225 1855 3285 ba·

245 3321 283 3359 na
302 3312 523 3370 contraxerunt,
547 3295 578 3357 ἃ
598 3292 700 3356 deinde
720 3292 807 3355 ambo
829 3294 943 3356 inventi
967 3293 1026 3358 soe·
1068 3298 1137 3361 bent
1160 3295 1279 3381 plurimi
1299 3301 1368 3364 alii.

245 3395 313 3441 runt
334 3374 465 3458 gravidi.
500 3395 504 3400 ·
562 3409 565 3414 ·
815 3452 821 3465 ¹
1110 3378 1154 3438 De
1183 3380 1436 3463 Hermaphroditis
1466 3384 1556 3466 aliqui
1587 3406 1637 3468 per
1675 3389 1773 3460 jocum
1811 3385 1852 3447 in·
1879 3403 1918 3448 ro

206 3462 225 3518 6
285 3456 429 3532 Quamuis
458 3455 545 3519 attus
586 3455 639 3517 elie
679 3475 713 3518 ex
751 3452 917 3517 mulieribus
945 3457 1026 3521 viros
1067 3476 1265 3543 terpretantur
1294 3465 1423 3527 Textuur
1455 3468 1485 3525 in
1514 3483 1575 3546 cap.
1618 3472 1723 3530 Omnes
1754 3469 1852 3546 utrius·

246 3538 355 3600 multos
377 3536 532 3611 reseratur,
555 3555 701 3617 nunquam
725 3549 822 3595 tamen
847 3556 940 3598 mares
967 3538 1023 3599 viri
1064 3565 1116 3620 que
1149 3541 1260 3620 sexus,
1289 3546 1324 3605 de
1349 3546 1495 3626 punirent.
1538 3547 1576 3610 Θ
1607 3551 1751 3627 eemiffinn.
1786 3568 1859 3630 quos
1976 3561 1977 3564 ’

249 3621 279 3680 in
299 3617 420 3682 seminas
441 3621 615 3692 mutantur,
631 3637 683 3679 nec
706 3614 737 3674 id
755 3614 817 3677 neri
847 3617 922 3696 polle
954 3616 1028 3679 affir-
1070 3623 1143 3682 citat
1165 3621 1315 3684 Nevizzan
1337 3629 1367 3686 in
1396 3628 1471 3687 Silo.
1504 3629 1631 3708 Nuptial.
1661 3628 1714 3691 lib.
1749 3650 1775 3710 ς.
1803 3629 1859 3706 fiel.

241 3716 327 3762 mant
362 3698 485 3772 medici,
517 3697 584 3759 telle
614 3696 700 3759 Card.
730 3694 765 3758 de
794 3694 876 3776 Lugo
909 3699 1027 3779 respons.
1073 3724 1238 3781 531.nnm.
1262 3708 1308 3783 3⁶·
1331 3707 1361 3767 δι
1382 3704 1507 3767 Palcbal.
1530 3708 1564 3770 de
1583 3712 1663 3771 Orco
1685 3715 1716 3771 in
1740 3713 1858 3791 Apolog.
1976 3785 1977 3788 Ἴ

244 3781 341 3841 moral.
373 3778 424 3839 lib.
450 3802 475 3842 r.
497 3776 563 3837 aab.
595 3799 640 3856 3¹·
671 3799 746 3838 num.
780 3798 808 3856 3.
849 3796 1027 3858 repugnante
1068 3799 1127 3863 cap.
1150 3805 1180 3860 9.
1204 3806 1279 3843 num.
1317 3805 1362 3860 ¹9·
1395 3786 1522 3866 e'mpeeffa
1546 3788 1605 3871 posi
1632 3790 1768 3868 differtur.
1800 3796 1860 3851 Co·
1976 3829 1977 3858 ,

247 3860 355 3922 scilicet
375 3877 494 3933 natura,
515 3877 580 3948 qua
613 3856 721 3938 semper
752 3854 862 3995 expetit
892 3857 1026 3937 dignius,
1063 3866 1164 3943 scie,
1196 3862 1307 3944 Ursaya
1336 3870 1366 3926 in
1394 3869 1556 3944 Miscellan.
1587 3876 1647 3932 Sat.
1683 3870 1723 3935 (9
1746 3871 1866 3952 profan.
1976 3869 1977 3946 i

208 3939 278 4012 7&
299 3938 455 4016 indigniori
476 3938 594 3999 refillrt.
619 3938 717 3997 Immo
751 3951 854 3999 vount
884 3939 1023 4031 plurimi,
1068 3949 1174 4005 Canon.
1197 3943 1235 4003 (u
1268 3946 1361 4005 civil.
1392 3965 1466 4026 part.
1502 3953 1618 4012 ostiu.
1646 3955 1688 4013 H.
1718 3975 1794 4014 nunt.
1832 3974 1869 4030 5.
1976 3949 1977 4006 l

246 4016 448 4078 casusaelaros
467 4017 503 4078 de
522 4016 639 4078 feminis
659 4015 780 4077 mutatis
814 4016 843 4075 in
865 4039 943 4081 viros
966 4040 1025 4081 non
1068 4025 1099 4084 δι
1121 4043 1153 4087 ut
1175 4020 1258 4086 refert
1282 4023 1448 4088 Bellarmin.
1481 4045 1546 4089 tom.
1581 4056 1608 4110 3.
1641 4032 1870 4106 Controuersiar-
1976 4013 1977 4036 l

244 4097 297 4160 effe
318 4094 517 4174 intelligendos
546 4096 579 4157 de
609 4117 677 4161 veta
708 4095 897 4173 mutatione,
931 4097 976 4162 seu
997 4100 1034 4162 de
1073 4103 1124 4166 lib.
1150 4126 1177 4183 3.
1200 4122 1259 4185 cap.
1288 4126 1332 4186 ¹3·
1355 4107 1389 4166 de
1410 4110 1594 4172 Punitentia.
1618 4113 1752 4177 Calvinus
1782 4115 1870 4174 Hae-

244 4174 428 4240 converlione
459 4195 476 4235 a
514 4174 634 4267 Femina
665 4177 693 4237 in
726 4197 835 4237 marem
860 4222 868 4250 ,
901 4177 944 4242 led
968 4180 1031 4242 illas
1074 4183 1211 4246 restarclra
1230 4185 1281 4247 tib.
1316 4210 1342 4264 3.
1377 4188 1579 4265 Institutionum
1610 4212 1668 4276 cap.
1700 4216 1728 4265 4.
1757 4194 1790 4269 §.
1825 4215 1870 4269 7.

243 4258 321 4322 foisse
342 4254 620 4350 Hermaphroditus,
644 4254 689 4319 leo
728 4257 930 4336 Androginas,
956 4260 1024 4323 rese·
1067 4263 1244 4345 srcexprelse
1266 4265 1358 4336 dicit;
1383 4269 1442 4331 ibi:
1476 4275 1551 4334 Nam
1580 4276 1654 4357 qnod
1677 4274 1775 4357 jubent
1806 4272 1869 4334 bo·

242 4340 332 4402 tendo
361 4335 572 4420 apparationem
603 4334 747 4430 utriusque
788 4335 865 4400 sexus
894 4338 1024 4420 Clytori·
1066 4348 1097 4406 ni
1126 4349 1250 4418 Patres,
1281 4371 1385 4409 omnem
1425 4357 1567 4434 utriusque
1591 4359 1675 4435 sexus
1712 4360 1873 4437 quotannis

243 4421 293 4495 di,
315 4418 427 4498 dequo
451 4419 583 4476 Amenus
604 4415 638 4508 de
668 4414 760 4476 deludi.
793 4417 830 4478 <a
878 4424 944 4482 oenis
975 4425 1022 4483 tit.
1059 4426 1147 4505 semel
1163 4431 1270 4508 proptio
1291 4433 1431 4492 Sacerdoti
1450 4433 1574 4510 confiteri
1600 4440 1693 4499 omnia
1718 4454 1868 4519 peccata,

244 4524 273 4573 4.
294 4501 324 4574 §.
350 4518 395 4558 11.
417 4520 492 4559 nunt.
519 4497 565 4558 18.
589 4496 638 4555 ubt
661 4492 764 4569 telett,
785 4516 844 4577 quo
899 4500 926 4560 id
948 4501 1023 4565 vidit
1059 4510 1147 4583 fateri
1175 4505 1295 4571 hmines
1324 4511 1411 4591 lepide
1439 4519 1604 4596 excipiunt,
1644 4517 1696 4578 hoc
1726 4534 1873 4598 precepto

242 4579 338 4663 Papiae
358 4598 433 4641 auno
457 4580 543 4655 16⁶9·
575 4573 605 4636 &
634 4573 669 4637 fic
700 4592 799 4641 tenent
832 4576 921 4663 Gesp.
954 4580 1024 4646 Bac·
1065 4592 1151 4656 teneti
1174 4589 1247 4667 solu
1280 4591 1542 4677 ibtuophtadins,
1573 4598 1612 4662 nd
1638 4603 1775 4668 neminen
1802 4621 1878 4658 ve·

1680 4686 1688 4702 ¹
1786 4702 1826 4742 ro
