3959 5259
489 197 1029 311 JnJuutuM,
1103 199 1245 283 nne.
1294 202 1347 281 11.
1585 230 1665 315 323

128 332 230 378 nemur
250 307 414 387 morbum,
446 308 558 374 etiamsi
588 332 623 374 ex
652 307 774 375 crimine
802 329 909 392 prove·
945 309 1018 371 Cod.
1039 308 1074 373 de
1094 313 1134 372 Le
1153 315 1224 386 atis,
1247 331 1314 372 curn
1336 306 1491 374 similibus.
1511 313 1597 376 Unde
1619 316 1639 378 fi
1659 312 1726 398 quis

128 393 210 468 niat,
232 389 369 473 impedite
395 412 405 454 e
435 391 496 455 Lex
518 392 597 455 enim
620 389 811 453 Ecclesiastica
830 389 905 453 cedit
945 390 980 454 de
1002 390 1091 467 loco,
1113 336 1162 454 udi
1183 392 1265 532 vipet
1287 407 1460 472 preceptum
1484 395 1659 473 jejunandi,
1693 396 1724 455 in

127 474 184 556 legi
204 469 346 535 naturali.
377 469 471 537 Aliud
491 473 529 537 est
548 472 583 535 de
603 470 732 555 corporis
752 469 901 553 fatigatio·
942 469 1072 535 fraudem
1094 472 1198 547 jejunii
1230 468 1419 537 ettanslerat
1449 473 1484 534 ad
1514 475 1641 551 locum,
1675 474 1725 537 ubi

125 573 179 628 ue,
210 570 274 646 quae
295 571 356 614 non
376 549 506 618 censetur
527 551 711 627 infirmitas,
744 551 791 615 sed
809 551 899 633 quod·
940 572 998 615 non
1022 554 1196 631 jejunatum
1226 568 1259 616 ut
1281 552 1299 613 li
1320 550 1366 616 die
1387 551 1525 616 Cinctum
1547 556 1581 619 de
1603 554 1726 620 Dioecest

123 631 193 696 dam
214 632 463 709 incommodum,
485 634 564 715 quod
575 632 719 716 possumus
738 632 833 708 licite,
855 631 910 694 im.
950 633 1099 714 Papienfi,
1122 633 1175 699 ubi
1193 633 1228 695 ad
1252 652 1365 695 morem
1380 631 1511 696 Ecclesia
1522 635 1660 697 Romana
1681 637 1725 696 in·

122 732 173 779 mo
198 712 230 775 δι
250 712 397 779 meritorie
417 713 539 783 tolerare
560 714 619 779 line
640 712 785 788 remedio,
808 730 841 776 ut
881 734 910 774 a·
949 713 1023 796 cipit
1045 714 1186 790 jejunium
1207 714 1324 790 Quadra
1345 712 1489 788 efimaie,
1525 712 1551 778 se
1573 714 1726 778 transierat

121 810 162 860 tet
193 791 222 855 in
243 791 464 870 cementariis,
485 795 518 859 dt
538 795 634 869 aliis,
665 794 717 877 qui
739 793 806 857 licet
826 730 910 857 vadde
948 793 1014 874 quis
1035 792 1180 858 malitiose
1202 795 1232 856 in
1253 735 1382 858 {rausero
1402 793 1504 871 jejunii
1526 794 1561 856 ad
1571 793 1726 859 Dioecestm

122 872 267 956 fatigati,
303 872 373 957 sape
393 892 490 940 tamen
512 877 642 951 jejunant
670 875 717 940 die
738 874 858 937 Veneris
879 875 910 936 in
950 873 1223 950 Mediolanensem,
1245 875 1294 938 ubi
1316 896 1399 941 more
1409 875 1602 939 Ambrosiano
1623 874 1729 957 incipit

58 1016 66 1028 ,
126 953 370 1038 Quadragrfima‚
389 956 421 1019 de
441 955 559 1041 quidem
581 975 647 1020 eum
657 955 906 1039 magnomerit05
947 954 1169 1052 Quadragestma
1190 955 1284 1018 solum
1304 956 1401 1038 prima
1422 954 1598 1027 Dominica;
1619 956 1661 1020 Et
1682 956 1728 1021 die

125 1034 273 1101 Hastenus
292 1037 401 1101 Henno
422 1037 473 1103 loc.
494 1039 542 1101 cit.
563 1054 617 1100 art.
642 1058 671 1100 2.
692 1039 806 1118 merlus.
819 1058 847 1118 3.
950 1036 1102 1115 23.Julit,
1122 1037 1174 1119 qui
1189 1037 1325 1100 l'a’normi
1346 1035 1380 1101 fit
1401 1037 1560 1110 jejunium,
1583 1034 1610 1099 se
1631 1053 1727 1099 trans·

76 1142 111 1204 ²7
144 1118 269 1179 'Omne
284 1114 344 1183 iter
361 1117 422 1206 sive
445 1118 592 1201 pedibus,
623 1117 679 1184 five
712 1138 818 1201 equo,
850 1115 906 1178 live
946 1114 1018 1180 serat
1036 1119 1102 1200 quis
1122 1118 1151 1180 in
1172 1114 1299 1182 fraudem
1321 1118 1425 1193 jejunii
1446 1117 1482 1178 ad
1504 1120 1647 1181 Montem
1669 1117 1724 1182 lie·

129 1216 246 1273 curru,
277 1197 334 1262 five
354 1196 438 1262 aliter
459 1196 651 1274 scolecium,
685 1199 717 1264 dr
739 1219 798 1262 non
819 1192 906 1259 losce-
947 1195 1066 1279 galero,
1088 1197 1137 1262 ubi
1158 1197 1210 1261 illa
1229 1197 1276 1262 die
1296 1218 1355 1261 non
1375 1201 1538 1274 jejunatur,
1562 1198 1591 1260 δι
1613 1195 1728 1278 sequen·
1757 1223 1759 1225 ·

125 1295 213 1363 ptum
235 1278 265 1341 in
286 1277 412 1341 fraudem
436 1278 550 1361 Legis,
580 1278 684 1342 necin
715 1277 805 1343 finem
824 1274 910 1339 illici·
948 1278 974 1341 ti
994 1277 1060 1353 die,
1078 1297 1136 1360 quo
1158 1277 1198 1341 ibi
1219 1281 1384 1355 jejunatur,
1418 1279 1512 1343 redeat
1532 1280 1726 1353 Panormum,

128 1378 195 1424 tum
216 1359 263 1440 (ss
283 1359 398 1423 aliunde
418 1360 546 1442 graviter
565 1357 668 1443 fatiget
681 1356 908 1431 ..itinerantem)
945 1376 1050 1502 ppccat
1070 1358 1200 1440 graviter
1218 1381 1278 1420 ae.
1301 1360 1534 1439 citarisJuribus,
1555 1358 1587 1421 δι
1608 1359 1726 1422 Concil.

127 1438 243 1506 excusat
264 1461 283 1503 a
303 1438 435 1516 jeiuniot
453 1444 630 1517 Communis,
654 1440 694 1505 (r
714 1458 806 1504 cetra.
827 1437 906 1515 Quia
986 1437 1161 1503 ediolanens.
1187 1461 1213 1502 ι.
1260 1439 1349 1503 rafide
1378 1440 1407 1501 S.
1429 1438 1539 1503 Carolo
1561 1438 1726 1503 anromm

128 1542 196 1586 eum
221 1521 276 1583 iter
296 1522 331 1584 lit
352 1519 472 1600 quidam
493 1521 577 1586 labor
596 1521 775 1605 corporalis,
806 1520 847 1584 ell
863 1518 906 1582 di·
941 1538 1079 1604 paer.12.
1102 1523 1149 1581 rit.
1171 1519 1206 1582 de
1223 1522 1347 1604 jejunio,
1369 1519 1431 1583 ibi:
1455 1521 1569 1582 Illorum
1589 1521 1724 1583 vereda·

122 1601 311 1670 scurrendum
332 1600 367 1664 de
389 1600 472 1685 ipso,
492 1623 526 1669 ac
547 1603 581 1666 de
602 1602 719 1675 labore;
740 1602 838 1665 omnis
857 1620 908 1663 au·
948 1604 1109 1665 meamusi
1144 1602 1270 1677 luviem,
1290 1607 1341 1684 qui
1356 1604 1455 1682 primis
1467 1620 1584 1684 quatuor
1625 1605 1727 1665 uadea·

121 1701 186 1749 tem
212 1683 294 1747 labor
313 1684 442 1765 graviter
461 1680 586 1766 fatigans
615 1681 795 1747 laborantem
826 1701 909 1745 etcu·
947 1680 1057 1766 gefime
1076 1624 1176 1745 disdus
1194 1687 1327 1746 Romane
1345 1681 1468 1760 Ecclefiae
1488 1685 1609 1745 marein
1630 1686 1728 1759 ituris,

60 1767 102 1833 28
122 1765 168 1837 ,sat
189 1761 287 1847 ipsum
309 1764 485 1839 ajejnni03
518 1763 555 1827 ad
610 1784 644 1827 ue
664 1762 722 1826 dec.
754 1765 905 1839 Quantum
948 1759 1140 1824 Mediolanum
1156 1765 1189 1841 se
1208 1766 1374 1842 consuunt,
1399 1768 1501 1846 patrie
1529 1766 1614 1826 ritum
1634 1769 1665 1827 t'n
1683 1768 1727 1847 je-

121 1862 228 1913 autem
249 1844 347 1907 debeat
367 1843 418 1904 elie
448 1842 504 1908 iter
535 1783 681 1926 pe‘ddus,
715 1859 858 1924 quantum
879 1863 908 1900 e·
942 1844 1047 1926 junio,
1071 1841 1113 1906 (r
1132 1842 1253 1905 ciborum
1273 1844 1486 1925 abstinentiafu
1509 1848 1608 1919 entes,
1630 1845 1729 1910 &col-

13 1970 15 2029 p
127 1948 222 2012 qno,
252 1938 393 2005 quantum
413 1941 528 1998 cuttu,
560 1941 593 1988 ut
624 1943 675 1985 een
689 1938 767 1986 eatur
796 1919 908 1985 causare
946 1923 1050 2006 ligitur
1071 1925 1172 2004 apati
1193 1924 1729 1990 etConstitutioneCementisX.in·

164 2023 251 2068 avem
272 1999 529 2087 defatigationem,
551 2020 585 2068 ut
605 2003 641 2064 stc
662 2003 800 2067 itinerans
820 2023 908 2066 etcu·
947 2004 1006 2086 cip.
1016 2008 1158 2084 Supema,
1180 2004 1229 2067 ubi
1251 2004 1280 2066 in
1302 2003 1728 2086 §.nemrniturpouecon-

134 2103 205 2149 etur
226 2103 245 2147 a
265 2083 402 2162 jejunio,
433 2104 491 2149 non
525 2082 563 2149 eil
597 2080 772 2166 assignabilis
800 2103 858 2147 una
878 2084 910 2146 δι
949 2084 1090 2148 sessarium
1110 2085 1282 2163 Regularem
1302 2082 1449 2151 absolvere
1469 2086 1642 2168 poenitentes
1661 2106 1730 2149 con-

120 2181 209 2228 certa
228 2164 327 2246 tegula
346 2185 401 2250 pro
420 2165 576 2241 omnibus,
598 2185 665 2229 eum
687 2185 741 2248 pro
761 2164 908 2228 diversita·
951 2163 1072 2230 fluentes
1091 2186 1126 2229 et
1148 2164 1206 2228 alia
1229 2165 1349 2229 Dioecest
1370 2187 1388 2229 a
1409 2165 1534 2249 peccatis
1555 2167 1583 2227 in
1607 2163 1666 2246 ipsa
1689 2188 1730 2229 re·

116 2263 150 2309 te
172 2242 488 2322 circumstantiarum,
522 2244 738 2343 personatum,
775 2245 910 2319 viarum,
953 2245 1091 2319 servatis,
1112 2245 1167 2321 nist
1184 2249 1464 2328 eosdempoenitentes
1483 2249 1628 2309 novnirin
1644 2248 1727 2326 frau-
1766 2244 1771 2253 ⁴

120 2344 298 2408 temporum
319 2328 351 2391 ἃ
371 2325 562 2404 hujusmodl,
594 2326 685 2409 aliqui
706 2326 813 2391 duabus
835 2325 914 2391 horis
953 2331 1018 2393 esem
1038 2328 1231 2405 reservationis
1249 2331 1290 2390 ad
1308 2327 1428 2389 alienam
1437 2327 1580 2403 Dt'aecefim
1596 2326 1731 2408 proabso·

114 2406 296 2553 peditantes
315 2407 410 2490 magis
431 2406 605 2489 fatigentur,
625 2406 783 2484 deficiant,
814 2407 847 2471 dr
867 2427 910 2471 re·
949 2410 1052 2470 sulione
1073 2407 1219 2470 obtinenda
1239 2406 1365 2489 migrasse
1374 2433 1388 2481 ,·
1411 2409 1478 2482 ubi,
1502 2424 1535 2470 ut
1555 2407 1655 2483 vides,
1687 2428 1732 2470 ta·
1862 2484 1870 2503 Ι

140 2509 161 2551 a

162 2487 301 2551 oratione
320 2486 468 2551 alimentis
488 2505 587 2582 egeant
608 2531 618 2565 ,
647 2507 737 2581 quam
768 2486 819 2550 alii
839 2507 911 2567 qua·
936 2490 1031 2553 ‘tione
1052 2484 1157 2549 itandis
1166 2505 1311 2569 nequeunt
1332 2486 1442 2552 absolvi
1463 2509 1482 2551 a
1503 2485 1729 2551 reservatiscon·

117 2585 216 2644 tuor,
240 2585 292 2632 aut
312 2567 358 2632 ser
379 2566 460 2631 horis
481 2565 581 2630 itidem
604 2567 782 2649 peditantes,
804 2560 840 2628 ἆ
856 2565 909 2628 ali·
951 2566 1072 2633 fluentes
1092 2566 1129 2630 ad
1149 2568 1238 2631 aliam
1262 2567 1415 2633 Dioecesrm
1438 2568 1467 2630 in
1490 2568 1618 2632 fraudem
1649 2566 1733 2630 teser·

113 2647 173 2731 qui
198 2667 307 2730 equo,
337 2646 383 2712 vel
408 2666 492 2709 curru
513 2645 683 2710 itinerantes
704 2662 821 2711 tantum
841 2643 908 2710 fati·
949 2649 1099 2721 vationis;
1121 2648 1156 2711 fic
1177 2647 1277 2732 apati
1299 2648 1326 2709 in
1350 2645 1414 2712 casu
1436 2649 1532 2712 nostro
1556 2644 1582 2710 se
1603 2646 1724 2711 transie-

111 2745 249 2813 gentur,
270 2744 412 2809 quantum
435 2725 487 2791 alii
508 2725 579 2810 pede
599 2727 799 2802 itinerantes,
830 2727 862 2791 δι
881 2749 911 2791 e·
952 2751 1016 2794 rens
1038 2730 1068 2792 in
1090 2727 1217 2796 fraudem
1238 2728 1344 2804 jejunii
1365 2726 1401 2792 ad
1422 2727 1512 2792 alium
1534 2726 1651 2803 locum,
1682 2726 1733 2790 ubi
1786 2748 1788 2751 ’

111 2826 251 2882 contra3
271 2810 356 2874 Unde
375 2828 445 2873 eum
467 2806 599 2887 hyman
620 2809 670 2871 loe.
693 2832 719 2871 c.
740 2830 765 2871 e.
787 2828 817 2886 3·
839 2832 868 2873 n·
878 2828 910 2884 4.
952 2830 1011 2873 non
1033 2811 1194 2887 jejunatur,
1225 2809 1338 2873 ratione
1358 2806 1463 2874 fraudis
1483 2826 1583 2892 peccat
1603 2807 1733 2891 graviter

111 2888 301 2954 Marchant.
323 2889 373 2952 lec.
393 2910 418 2951 e.
439 2912 488 2970 qu.
509 2907 540 2963 4
562 2889 591 2962 §.
605 2908 637 2965 4.
658 2887 762 2969 Sporet
782 2887 834 2948 soc.
857 2891 908 2949 eir.
952 2908 1011 2953 non
1033 2890 1208 2963 jejunando.

111 2995 203 3036 num.
223 2970 271 3047 58.
293 2970 337 3031 La
356 2967 449 3032 Croix
471 2966 592 3030 sancit.
613 2992 642 3029 n.
666 2987 753 3048 1344·
780 2966 812 3030 dt
830 2985 910 3031 com·
994 2968 1037 3031 Et
1059 2969 1134 3032 tatio
1157 2968 1309 3034 intrinseca
1329 2973 1390 3044 est,
1412 2969 1480 3052 qnia
1501 2968 1567 3034 licet
1590 2987 1731 3051 quantum
1756 2980 1795 3041 30

111 3046 262 3113 munioni
282 3046 406 3111 aliorum
436 3045 588 3111 dicendum
621 3046 659 3110 est
675 3089 686 3123 ,
718 3063 788 3109 tunc
819 3042 912 3110 solum
952 3047 992 3111 eli
1015 3070 1050 3113 er
1072 3045 1100 3111 se
1120 3048 1186 3144 quis
1207 3050 1292 3133 posltt
1316 3052 1360 3116 uti
1381 3050 1442 3122 iure
1464 3047 1545 3126 suo,
1577 3050 1665 3114 &stc
1697 3053 1732 3113 de

110 3125 257 3196 excusari
288 3125 456 3193 itinerantes
485 3148 503 3190 a
532 3125 673 3202 jejunio,
708 3126 824 3209 quando
845 3147 911 3191 cum
952 3128 1037 3203 loco,
1059 3128 1109 3191 ubi
1129 3134 1305 3206 jejunatur,
1336 3129 1452 3196 transire
1473 3129 1508 3192 ad
1530 3130 1649 3204 locum,
1679 3131 1730 3194 ubi

113 3209 234 3272 labore
256 3207 366 3271 itineris
386 3208 659 3290 quomodocumque
679 3204 731 3269 liat
751 3206 808 3270 sive
828 3207 908 3287 pedi·
948 3228 1008 3272 non
1028 3210 1204 3282 jejunatum
1235 3232 1322 3275 nemo
1351 3230 1450 3275 tamen
1485 3212 1577 3290 potest
1608 3210 1651 3275 uti
1673 3211 1730 3273 tali

109 3290 197 3364 bus,
225 3287 284 3354 sive
341 3309 397 3365 oo,
420 3290 478 3354 fine
498 3306 599 3362 cuttu,
621 3307 681 3350 non
702 3287 793 3369 potest
815 3287 908 3381 (coru
947 3290 1009 3363 iure
1031 3288 1060 3349 in
1082 3287 1209 3353 fraudem
1244 3290 1331 3373 legi,
1362 3290 1431 3373 quia
1461 3292 1506 3365 jus
1535 3291 1661 3354 nolltum
1692 3292 1732 3353 est

106 3368 258 3435 sideratis
278 3309 422 3454 predomm
445 3368 523 3446 viis,
547 3367 753 3462 temporibus,
789 3364 910 3449 altisque
949 3367 1166 3449 subordinatum
1188 3368 1276 3450 legi,
1307 3394 1343 3436 ex
1366 3369 1470 3452 Apoll.
1497 3392 1543 3453 ¹3·
1565 3369 1605 3432 ael
1626 3378 1727 3434 Roma·

105 3449 379 3529 circumstantiis)
401 3450 546 3515 confillere
566 3450 707 3525 jejumum
727 3447 785 3513 sine
802 3468 909 3530 magna
949 3452 1017 3525 nol,
1040 3449 1109 3513 ibi:
1140 3454 1240 3516 Omnis
1258 3456 1354 3516 anima
1369 3450 1546 3535 potestatibus
1560 3450 1734 3532 sublimiori·

104 3528 327 3609 difficultate,
347 3531 379 3595 dr
399 3527 586 3601 incommodo
606 3572 627 3593 .,
646 3530 764 3610 Semper
782 3545 883 3597 tamen
903 3578 914 3610 ,
953 3527 1005 3593 bus
1019 3529 1140 3609 subdita
1154 3532 1214 3610 fit,
1236 3556 1288 3594 nen
1308 3532 1343 3610 ιβ
1362 3537 1436 3597 enim
1452 3532 1568 3616 potestas
1587 3532 1738 3607 nisseDeo

105 3616 144 3681 &
169 3613 216 3679 ab
241 3610 379 3676 omnibus
399 3634 456 3697 ptae
475 3606 567 3676 oculis
587 3609 717 3676 habenda
737 3611 776 3675 est
806 3629 914 3695 propo·
955 3610 1020 3676 (isc.
1033 3615 1130 3692 Itaque
1150 3615 1201 3694 qui
1220 3612 1339 3691 refilium
1354 3611 1500 3696 potestati,
1523 3613 1737 3678 Deiordinatio·

106 3695 185 3759 fitio
213 3714 269 3776 3¹·
292 3694 367 3755 inter
388 3695 493 3760 metito
515 3694 665 3758 damnatas
686 3691 722 3754 ab
744 3691 913 3757 Alexandro
952 3696 984 3755 ni
1003 3693 1152 3773 eefiflunr,
1183 3692 1215 3756 dt
1234 3693 1268 3758 de
1290 3698 1349 3768 iure
1371 3713 1434 3758 tum
1456 3693 1640 3769 Canonico,
1672 3712 1737 3759 tum

103 3777 198 3841 v11.
223 3772 349 3850 oie„&
368 3794 444 3838 anno
465 3795 525 3856 quo
546 3772 652 3855 suptar
671 3774 845 3853 Emjanrar
861 3772 910 3839 aa
952 3772 1039 3841 cirili⁴
1058 3774 1148 3838 Fraus
1177 3773 1208 3838 dt
1238 3775 1321 3839 dolus
1349 3774 1437 3840 alieni
1469 3775 1644 3857 patrocinari
1677 3795 1737 3838 non

98 3859 209 3942 solare
231 3871 410 3953 a‚praecepro
426 3857 531 3939 jejunii
551 3854 729 3931 merilli,
750 3859 801 3936 qui
819 3860 919 3923 rena,
951 3854 1074 3931 debent,
1096 3857 1146 3918 eit.
1156 3854 1281 3996 luridus
1290 3880 1304 3929 ,-
1326 3856 1373 3919 Sic
1394 3874 1494 3920 tenent
1515 3850 1634 3921 Natalis
1656 3855 1728 3919 Ale-

163 3958 180 4001 t
204 3934 392 4021 equitando,
423 3958 570 4018 arcumque
587 3938 642 3999 iter
659 3951 774 4018 agenr,
803 3936 914 4014 etiamsi
951 3935 1059 4001 rander
1079 3934 1177 3998 Theo.
1200 3938 1360 4022 dogmatice
1380 3940 1566 4001 merestona.
1590 3958 1619 3997 2.
1640 3934 1691 3998 lib.
1705 3956 1737 4012 4.

98 4041 165 4087 tter
185 4017 379 4098 neceffeeium
399 4043 452 4083 non
483 4038 537 4095 et,
570 4016 609 4081 (9
628 4014 739 4093 etiamst
765 4022 820 4083 iter
837 4022 919 4085 uniar
946 4017 1135 4101 ‚semeron
1156 4034 1214 4099 cap.
1228 4039 1255 4098 5.
1276 4039 1331 4083 art.
1354 4041 1384 4095 7.
1413 4043 1469 4100 reg.
1491 4018 1521 4080 8.
1556 4013 1739 4082 Reiffenlluel

104 4106 176 4171 diei
200 4098 379 4179 corniciam.
960 4098 1057 4163 Theos.
1079 4097 1176 4160 moral.
1195 4097 1276 4161 erasi.
1289 4121 1316 4161 2.
1335 4098 1370 4162 de
1399 4098 1483 4183 legib.
1516 4096 1577 4176 deii.
1591 4119 1619 4180 3.
1650 4120 1697 4179 qu.
1707 4117 1739 4173 4.

33 4215 76 4276 ²9
149 4189 325 4253 Notauter
345 4198 442 4247 autem
463 4178 520 4246 suit
540 4181 669 4248 disium:
692 4185 755 4245 Nan
763 4183 920 4265 susceptum
960 4200 1098 4258 nem.41.
1121 4177 1204 4242 Felix
1225 4180 1351 4244 Potellas
1370 4199 1437 4244 torn.
1453 4202 1478 4245 ι.
1503 4195 1536 4260 p.
1549 4201 1577 4260 3.
1606 4203 1635 4241 n.
1649 4197 1739 4255 ²905·

100 4274 138 4335 ire
158 4270 308 4347 fraudem
330 4264 416 4346 legis,
451 4262 521 4345 quia
542 4261 644 4339 fraus,
676 4263 917 4333 &dotatalicii
959 4262 1052 4327 Rodr.
1072 4264 1102 4323 in
1117 4262 1230 4341 summa
1249 4280 1271 4325 r.
1285 4283 1312 4324 2.
1344 4283 1369 4324 c.
1385 4283 1456 4339 2¹9·
1487 4283 1563 4322 num.
1580 4278 1608 4320 2.
1631 4256 1739 4322 Silvius

97 4345 619 4509 miserrumum·
633 4344 920 4509 {ser-nixu
959 4344 1248 4505 inlustre.
1262 4339 1738 4499 amlrtrrmrle

96 4512 252 4597 clericis
274 4532 323 4571 non
341 4472 465 4587 sesrdenr.
486 4526 547 4588 cap.
557 4471 608 4569 Eis
621 4470 724 4569 sirresis
735 4528 762 4569 2.
782 4505 816 4569 de
837 4470 918 4583 delo,
960 4527 1004 4570 res
1024 4520 1128 4572 contra
1137 4505 1265 4567 Dianam
1302 4467 1357 4567 der.
1371 4527 1397 4568 1.
1420 4524 1456 4566 tr.
1482 4464 1741 4596 93'resol.1p.(r

100 4596 150 4662 cb·
178 4592 366 4656 contumacia
378 4616 388 4663 ,·
410 4591 431 4653 s.
456 4594 490 4653 ln
506 4589 614 4669 sunda,
630 4588 670 4665 ff.
692 4588 727 4651 de
746 4591 787 4649 rei
806 4591 919 4652 vindic.
959 4584 1032 4649 tersi
1049 4608 1096 4649 ιο.
1118 4586 1195 4667 relos.
1209 4607 1255 4663 ¹4·
1322 4586 1455 4648 naeinam
1477 4583 1552 4663 desp.
1567 4601 1594 4641 1.
1615 4580 1651 4641 de
1671 4577 1737 4659 segr-

96 4679 234 4749 l.cum
261 4668 325 4752 hi,
350 4668 389 4751 ὦ
411 4671 446 4735 de
464 4669 599 4753 transitu.
629 4671 652 4738 l.
673 4672 707 4733 Si
728 4671 920 4755 Legarariur,
961 4668 1013 4737 bur
1033 4692 1080 4752 qu.
1094 4689 1121 4734 ι.
1138 4664 1235 4754 pensi.
1248 4668 1277 4732 6.
1296 4664 1491 4811 remkspz&
1510 4659 1585 4726 alios
1617 4659 1739 4822 Ἥξει,
1780 4676 1782 4679 ·
