3959 5259
302 157 383 238 262
626 133 1005 241 HISTORIA,
1034 127 1488 220 HlSTORICUS.

240 266 385 348 phontem
417 259 461 322 Gt
484 255 517 320 lli
561 253 686 330 lilium,
717 250 843 314 Socratis
870 247 1032 313 auditorem
1074 266 1141 323 tur,
1163 246 1195 311 ἃ
1223 267 1258 311 eo
1291 243 1374 319 sine,
1400 246 1451 342 'cui
1472 239 1560 343 ‘nihil
1593 237 1729 310 videatur
1754 243 1866 344 deest,

242 343 374 428 primum
397 362 431 404 ex
454 283 638 419 stilosophis
666 332 827 396 Historiam
848 329 978 414 scripfiile
999 329 1034 394 de
1075 325 1281 412 comprehensa
1300 343 1430 391 nattatto
1451 327 1584 393 vrdeatur
1595 350 1607 398 ,·
1644 323 1724 389 idem
1756 328 1866 397 ibide„

242 424 328 489 rebus
347 422 535 492 Graecorum,
557 415 647 480 tradit
669 414 802 478 Laertius
834 409 886 476 lib.
900 433 927 474 2.
950 414 1032 475 Ante
1073 429 1133 495 cap.
1159 431 1207 473 rr.
1230 405 1342 473 Deinde
1362 408 1397 470 ad
1417 407 1513 472 officia
1543 403 1699 502 scriptoris
1732 409 1873 478 tritona

243 503 362 572 Saturni
384 501 414 565 in
437 498 556 561 Italiam
578 496 736 560 adventum
764 493 877 559 nullum
898 493 1033 557 Historia
1075 491 1263 566 descendens,
1286 488 1350 551 ait:
1374 488 1502 553 Primum
1535 484 1664 550 officium
1697 487 1751 553 else
1772 509 1869 573 puto,

246 586 391 652 cultorem
413 578 509 655 soisl'e,
536 575 582 642 sed
603 573 695 639 solum
717 577 867 660 poslquam
891 573 916 638 is
936 574 1034 639 rudem
1076 574 1107 637 δι
1129 572 1157 635 id
1178 572 1224 638 vel
1246 570 1375 634 maxime
1404 569 1540 634 omnibus
1571 569 1787 647 necessarium,
1816 576 1872 655 qui

244 664 388 754 populum
409 661 441 725 iu
462 679 554 725 ιιιιιιιιι
584 656 731 741 collegit,
766 656 925 721 Historiam
954 678 1036 722 com·
1078 675 1120 718 res
1140 655 1228 736 gestas
1250 652 1416 717 litterarum
1450 651 1647 715 monumentis
1676 652 1791 716 tradere
1820 673 1871 718 cu·

244 744 376 811 munitet
396 740 546 808 invaluisse
567 737 652 804 refert
672 737 843 803 Macrobius
863 737 915 803 lib.
932 759 958 802 r.
981 744 1033 803 Sa·
1075 735 1178 821 piunt,
1200 752 1233 798 ιιι
1262 733 1299 796 ab
1328 731 1488 797 oblivionis
1519 731 1629 806 iniuriis
1658 732 1871 815 vindicentur,

244 825 403 893 eumdum
423 848 448 887 c.
459 823 489 885 8.
511 822 587 906 apud
607 819 778 902 beyerlinclr
808 821 860 884 loc.
882 825 932 885 cit.
952 818 1032 883 verb.
1075 816 1230 880 materiam
1262 814 1377 897 seligere
1412 811 1585 898 speciosam,
1621 812 1654 878 δι
1687 815 1868 894 iucundam,

244 907 394 987 Ht'lioria5
417 904 465 968 ubi
488 903 643 986 precipuos
664 902 694 962 in
715 900 797 964 omni
830 901 950 965 notione
975 902 1035 964 Hi·
1076 921 1109 962 ac
1132 918 1213 973 eam,
1233 916 1298 979 qua
1319 895 1435 959 animos
1455 894 1614 978 legentium
1635 894 1868 980 voluptateaffi·

224 987 383 1064 .sloricos,
405 1006 438 1048 ac
460 983 490 1046 in
512 983 595 1050 omui
616 981 739 1047 materia
768 981 917 1067 scriptores
946 981 1034 1046 abun·
1076 981 1154 1056 ciat,
1185 996 1273 1122 utpue
1302 977 1447 1073 alliciat,
1482 975 1570 1071 Quod
1603 976 1769 1042 Herodotus
1796 1001 1867 1045 mea

246 1072 282 1136 de
304 1065 443 1143 recenset,
1076 1061 1193 1147 quidem
1228 1075 1356 1124 ententta
1378 1057 1482 1121 melros
1503 1056 1623 1132 vtdtsie,
1644 1057 1676 1120 δι
1710 1061 1867 1142 exprellise

188 1178 223 1240 13
286 1148 434 1223 Hilloria,
456 1168 491 1212 ex
510 1167 570 1231 quo
599 1145 755 1211 adinventa
784 1142 840 1209 suit
873 1145 1035 1228 maximam
1075 1142 1207 1218 videtur,
1249 1161 1317 1203 uam
1336 1139 1542 1223 Thucydidcs;
1565 1137 1620 1200 ille
1638 1138 1721 1203 euim
1749 1140 1873 1206 Grzco-

245 1232 357 1316 semper
377 1228 434 1294 suis
462 1226 623 1293 cultoribus
651 1225 813 1290 utilitatem
843 1220 1035 1290 subminislra-
1076 1245 1159 1300 tum,
1181 1224 1213 1287 δι
1277 1224 1424 1284 rbarorum
1446 1219 1611 1282 Historiam
1633 1218 1778 1304 integram
1802 1221 1871 1286 scti-

244 1315 293 1381 vit
307 1336 317 1385 3
339 1311 423 1408 ipsius
444 1310 523 1373 enim
547 1308 632 1374 lesbio
663 1304 791 1379 juniores
821 1305 1036 1389 antiquioribus
1074 1306 1147 1391 psit,
1169 1304 1200 1368 dt
1219 1318 1286 1388 apte
1305 1301 1465 1386 disposuitt
1498 1300 1686 1385 Thucydides
1713 1320 1817 1369 autem
1839 1326 1872 1371 a·

246 1410 397 1478 aquavrt,
418 1408 490 1454 natu
511 1391 635 1463 maiores
655 1406 751 1449 rerum
787 1386 964 1469 experientis
992 1389 1034 1451 di·
1077 1407 1148 1451 num
1169 1390 1377 1448 tantummodo
1408 1382 1546 1459 bellom,
1579 1404 1632 1447 nec
1663 1381 1873 1463 fortunatum,
1978 1455 1979 1472 ,

241 1474 342 1550 teuit,
364 1471 497 1557 privatos
517 1469 608 1534 Viros
630 1467 760 1550 imperio
780 1466 884 1549 dignos
919 1467 1034 1545 essecir,
1076 1467 1150 1532 unde
1172 1465 1271 1549 potius
1291 1464 1404 1530 fileotio
1425 1464 1672 1548 pratereundum,
1706 1487 1796 1551 quarn
1816 1489 1872 1553 po-

243 1560 444 1639 &quotquot
465 1550 496 1612 in
518 1551 597 1613 Orbe
632 1548 739 1631 quovis
759 1546 790 1609 in
821 1569 922 1630 genere
957 1549 1034 1616 suere
1075 1550 1211 1614 lictorum
1234 1545 1381 1611 memoria
1411 1544 1651 1627 relinquendum,
1683 1547 1799 1614 console
1819 1552 1873 1614 de-

241 1641 375 1710 Heroes,
398 1630 642 1715 ipsaconslituit,
660 1626 894 1703 acefformavit3
914 1631 976 1709 Et,
999 1649 1034 1697 ut
1076 1627 1203 1714 scripsit.
1226 1628 1276 1691 Est
1297 1626 1376 1691 enim
1397 1626 1537 1690 Historici
1559 1626 1873 1695 etiamofficiumcau-
1979 1666 1980 1679 r

243 1713 417 1782 summatim
438 1712 553 1785 dicam,
575 1709 709 1784 omnium
734 1730 826 1774 retum
848 1708 949 1787 series,
970 1713 1034 1794 qui·
1076 1709 1318 1787 reconsderare,
1340 1707 1533 1791 quantilli
1569 1710 1601 1771 in
1631 1710 1791 1775 Historiam
1822 1734 1873 1777 re·

244 1800 298 1863 bus
320 1793 474 1860 hominum
497 1791 629 1868 utilitas,
652 1812 685 1856 ac
705 1789 799 1872 gloria
820 1809 955 1874 paratur,
978 1795 1034 1858 Hi·
1077 1790 1216 1870 serendae,
1237 1813 1301 1875 qua
1323 1788 1437 1855 silentio
1457 1791 1657 1873 pretereunda
1688 1791 1759 1870 stut,
1782 1795 1814 1857 δι
1833 1814 1873 1858 o-
1977 1803 1979 1836 ¹

244 1879 337 1944 {lotia
358 1875 448 1940 tribui
470 1873 571 1944 debet:
603 1871 688 1934 Unde
720 1869 841 1966 ipsamet
872 1874 947 1957 apud
982 1877 1033 1941 Re·
1076 1876 1158 1939 mnia
1193 1874 1248 1943 rire
1279 1875 1309 1936 itt
1342 1889 1439 1956 patres
1472 1870 1650 1956 disponere,
1681 1874 1873 1958 unumquod-
1969 1905 1974 1946 ι

244 1957 378 2044 perlittek
406 1957 458 2021 loc.
491 1958 539 2021 cir.
570 1954 630 2019 baec
660 1971 775 2036 poetica
813 1953 865 2018 libi
902 1956 1034 2024 carmina
1075 1977 1131 2040 que
1152 1977 1273 2034 eorum,
1294 1975 1358 2038 qua
1379 1951 1560 2030 referuntur,
1583 1953 1634 2017 suo
1654 1954 1738 2020 locoa
1761 1976 1793 2021 te
1807 1954 1875 2020 dis-

243 2039 345 2104 canit:
1075 2060 1199 2124 ponere.
1231 2039 1273 2102 Et
1303 2035 1419 2101 tandem
1450 2033 1518 2099 talis
1547 2035 1633 2100 debet
1659 2036 1707 2100 elle
1766 2038 1874 2102 illori-

657 2163 663 2176 ·
1079 2142 1146 2199 cus,
1169 2137 1202 2184 ut
1222 2116 1306 2183 omni
1329 2135 1411 2182 metu
1431 2131 1550 2194 careat,
1572 2115 1662 2182 nullis
1681 2121 1873 2195 muneribus,

245 2205 303 2268 trra
322 2227 388 2286 ego,
408 2226 470 2288 que
486 2201 568 2290 gellis
581 2203 702 2287 ptaesum
722 2200 841 2282 custodia
853 2203 932 2266 rebus
942 2230 956 2278 ;
1079 2220 1131 2267 aut
1149 2198 1401 2265 commendatitiis
1422 2215 1649 2282 corrumpatur3
1669 2199 1742 2261 nihii
1764 2199 1876 2264 amici·

284 2288 386 2371 Digeto
406 2285 479 2369 quod
498 2309 616 2360 caveas,
638 2283 762 2366 quodque
796 2289 903 2367 equoris
922 2289 995 2350 iter.
1076 2285 1129 2346 tia
1151 2281 1300 2355 tribuens,
1321 2278 1439 2361 aequalis
1460 2279 1570 2356 luder,
1593 2301 1627 2342 ec
1656 2280 1816 2346 benevolus
1838 2301 1874 2345 o·

242 2370 395 2448 Ptr‘scaqtre
415 2381 447 2430 nl
468 2369 570 2427 ueteris
588 2367 720 2445 vanescat
751 2387 772 2446 g
812 2369 841 2428 ia
855 2365 953 2446 secli,
1077 2363 1213 2439 mnibuS,
1237 2362 1313 2426 itaut
1342 2360 1474 2440 altefutri
1504 2360 1571 2444 plus
1644 2382 1681 2425 uo
1706 2362 1786 2426 nihil
1815 2362 1873 2426 tri·
1974 2405 1979 2456 Ι

268 2447 389 2512 inda
402 2447 534 2527 ,defensat
553 2469 612 2529 que
641 2466 816 2510 monumenta
834 2447 953 2511 donee.
1076 2448 1166 2517 boat,
1189 2444 1300 2508 srncirae
1329 2443 1462 2507 veritaris
1489 2459 1606 2506 mator
1648 2443 1709 2508 iber
1737 2444 1799 2521 stt,
1836 2464 1871 2507 ac
1973 2465 1976 2480 ·

241 2533 282 2593 Et
296 2531 352 2610 see
372 2531 475 2591 virteui
513 2550 541 2590 er
561 2529 687 2608 mesum
702 2531 818 2610 premia
847 2531 970 2609 tersum,
1076 2526 1149 2592 nulli
1171 2526 1247 2609 Regi
1268 2522 1423 2601 subied‘tus,
1446 2525 1612 2621 peregrinus
1633 2524 1663 2587 iu
1695 2524 1795 2604 libris,
1815 2544 1869 2609 pa·

285 2612 378 2693 impia
392 2613 507 2689 samon
527 2608 620 2686 desem
635 2609 718 2687 fama
738 2613 828 2672 noris.
1076 2609 1133 2673 tria
1163 2628 1278 2684 carens,
1315 2603 1370 2671 suis
1399 2605 1510 2688 legibus
1546 2606 1668 2678 vicenos
1706 2627 1764 2671 uon
1794 2607 1868 2689 quid
1977 2606 1979 2624 '

240 2693 379 2773 Eloquot,
402 2691 442 2755 (9¹
476 2695 565 2753 untmi
583 2708 717 2773 quantem
734 2688 878 2772 jusiano,
902 2690 942 2756 (Ψ
963 2693 1034 2769 imi,
1077 2690 1166 2766 huic,
1190 2688 1273 2754 illive
1295 2686 1329 2750 fit
1349 2687 1547 2772 placiturum,
1569 2705 1620 2753 aut
1652 2685 1865 2772 displiciturum

275 2774 420 2855 Ismene,
505 2793 577 2832 eaecae
592 2771 712 2852 fasque,
733 2773 863 2854 nefasque
883 2776 971 2836 Dee.
1077 2771 1225 2854 cogitans,
1248 2767 1295 2834 sed
1316 2767 1364 2844 id,
1387 2769 1466 2853 quad
1488 2790 1587 2836 revera
1607 2767 1702 2832 atium
1730 2770 1765 2834 fit
1794 2769 1865 2835 side·
1978 2797 1979 2842 3

238 2854 329 2940 Quod
338 2854 430 2936 majus
439 2852 599 2927 Theatrum,
610 2852 761 2933 Circusque
769 2858 1033 2936 capacior,atuqteae
1075 2851 1160 2927 litet,
1191 2872 1224 2913 ac
1257 2848 1383 2915 veridice
1412 2870 1581 2935 exponens3
1609 2851 1687 2915 Cum
1712 2853 1861 2936 precipue

281 2932 396 2999 uanior
414 2933 549 2997 humanas
561 2932 645 3011 scena
665 2934 763 3010 referte
781 2932 879 2996 vices?
1075 2931 1289 2994 Historicorutn
1311 2948 1407 3012 partes
1427 2931 1504 3010 fint,
1527 2929 1629 2996 salsum
1661 2953 1710 2996 uon
1734 2934 1846 3007 dicere,

238 3023 292 3081 Me
300 3017 367 3092 fine
386 3018 449 3097 quic
462 3013 604 3098 prudent?
626 3017 706 3077 Unde
734 3015 903 3098 experientia
921 3014 1033 3097 mque?
1075 3031 1179 3077 verum
1196 3031 1259 3075 non
1279 3010 1468 3090 abscondere,
1502 3035 1535 3078 ac
1564 3012 1771 3098 suspicionem,
1800 3014 1854 3076 uel

126 3167 129 3176 A
281 3101 359 3182 Quis
378 3120 422 3159 me
444 3098 519 3160 adiit
539 3094 670 3172 tandem,
691 3119 744 3157 non
763 3120 842 3176 mage
862 3094 1031 3159 desintne?
1074 3091 1250 3156 fimultatern
1272 3093 1402 3167 evirare3
1432 3093 1564 3158 Historia
1592 3095 1671 3160 enim
1700 3113 1717 3156 a
1742 3095 1859 3157 Cicero·

238 3184 342 3244 Omnis
362 3180 437 3239 enim
457 3178 540 3255 nostru
557 3176 659 3255 pendet
674 3178 828 3255 prudentia
842 3179 948 3254 sensae,
1074 3196 1110 3237 ne
1128 3171 1183 3235 lib.
1198 3195 1226 3236 2.
1246 3173 1282 3236 de
1304 3179 1387 3237 Orat.
1418 3193 1541 3241 vocatur
1570 3176 1647 3241 tellis
1675 3193 1860 3258 temporum,

282 3261 403 3335 Rieeqee
422 3257 482 3327 nil,
504 3254 591 3329 nojlra
609 3256 660 3331 qui
680 3271 753 3315 ceree
771 3273 849 3331 arte„
866 3258 970 3335 sapie,
1073 3255 1143 3318 vita
1159 3254 1327 3332 memoria,
1350 3256 1483 3338 magistra
1503 3257 1600 3332 lucis,
1620 3257 1723 3320 nuntia
1755 3257 1863 3320 verita-

516 3343 519 3348 ’
1072 3333 1132 3398 ιίς.
1154 3336 1275 3409 Etiam
1299 3338 1370 3419 quid
1397 3356 1538 3420 congruat
1568 3336 1704 3404 Hisloriae
1734 3336 1863 3414 moeri,

182 3443 220 3502 14
279 3413 361 3491 Quid
383 3413 413 3475 in
425 3408 580 3505 iniuria,
601 3408 673 3505 quid
695 3409 726 3472 in
757 3412 904 3475 Hillotico
925 3412 1030 3497 prioci-
1072 3415 1199 3482 breviter
1218 3416 1311 3481 suerat
1334 3419 1472 3483 traditum
1493 3417 1546 3483 lib.
1582 3441 1609 3482 2.
1641 3416 1868 3484 nochum
1978 3431 1979 3448 ¹

237 3497 334 3586 pallus
355 3506 533 3573 requiratur,
556 3487 624 3553 satts
644 3490 772 3565 erudite,
797 3492 919 3559 &docte
939 3495 1030 3560 olleo·
1072 3513 1133 3580 cap.
1157 3518 1188 3559 a.
1209 3495 1285 3561 Vide
1305 3498 1378 3563 ibid.
1401 3501 1467 3580 (a)
1978 3515 1979 3522 ¹

238 3578 286 3644 dit
307 3569 546 3667 Halicarnasseus
565 3570 641 3655 apud
663 3569 833 3656 Beyerlinclr
853 3576 964 3640 senne.
984 3575 1031 3642 his
1113 3577 1286 3655 Historicis,
1310 3581 1467 3663 prasertim
1488 3580 1634 3664 antiquis,
1656 3582 1689 3646 ur
1719 3577 1925 3660 clausisse

235 3657 356 3723 verbis.
379 3651 555 3717 Histoncam
586 3653 784 3733 narrationem
812 3673 953 3741 perpetuo
983 3680 1031 3723 ve·
1072 3657 1171 3725 omnis
1190 3661 1346 3744 prestanda
1367 3664 1405 3727 eil
1426 3661 1512 3735 fides5
1535 3666 1713 3741 Communis,
1753 3666 1787 3728 δι
1806 3664 1866 3729 col·

236 3736 295 3801 luti
314 3732 366 3797 filo
383 3731 500 3828 dudlaur
522 3731 691 3816 colligatam
713 3753 832 3819 oportet
863 3738 940 3814 etse,
962 3757 1031 3821 pra·
1073 3739 1173 3823 ligitur
1194 3759 1258 3806 tum
1281 3765 1315 3806 etr
1336 3744 1421 3806 Sacra
1441 3744 1607 3829 Scriptura,
1629 3763 1694 3809 turn
1727 3766 1764 3808 ex
1784 3764 1869 3811 utro-

229 3813 408 3911 ,sertim'ubt
431 3835 475 3878 tes
494 3833 693 3910 exponamur,
724 3821 754 3880 δι
786 3817 902 3896 multa,
925 3819 954 3885 dr
978 3820 1029 3885 bu
1093 3844 1127 3885 ue
1146 3823 1228 3900 jure,
1250 3839 1311 3886 tam
1334 3822 1449 3900 Civili,
1479 3843 1570 3907 quam
1600 3824 1779 3898 Canonicot
1810 3826 1869 3891 Ex

236 3895 380 3972 rosmodt,
401 3913 464 3990 qua
485 3896 637 3990 copiosor,
658 3918 693 3961 ac
723 3900 833 3981 percipi
864 3898 1029 3997 non'facil'e
1069 3841 1155 3967 iacta
1175 3903 1323 3988 Scriptura
1344 3905 1472 3988 pluribus
1503 3905 1532 3968 in
1565 3906 1637 3972 locis
1669 3907 1788 3973 habetur
1814 3908 1869 3969 di-

228 4029 232 4035 .
262 3995 363 4071 'eant3
394 3975 441 4039 Src
461 3975 693 4070 Halicarnasseus
714 3996 776 4060 cap.
801 4002 847 4042 ιο.
870 3981 905 4042 de
921 3981 1030 4062 judicto
1090 4006 1128 4049 na
1147 3985 1342 4049 Historiarum
1364 3987 1627 4065 commemoratio,
1649 3988 1686 4052 ad
1723 3992 1872 4053 denoten-

257 4057 350 4136 eslotie
373 4053 638 4152 Thucydidtspsst
660 4079 751 4156 ιιιοιι
781 4059 915 4125 Hilloriae
933 4049 1025 4147 dispo
1067 4007 1156 4142 ium,
1177 4067 1256 4148 quod
1280 4067 1312 4129 stt
1334 4068 1400 4150 ipsrs
1421 4067 1490 4134 fides
1499 4067 1679 4144 adhibenda3
1700 4071 1791 4134 ΕΜ.
1802 4086 1875 4152 cap.

236 4136 337 4232 neruda
356 4134 419 4229 laus
440 4154 499 4199 nou
521 4156 647 4202 mtntma
667 4160 698 4202 ιιι
728 4158 763 4202 eo
793 4141 845 4206 sua
874 4143 930 4218 eil,
953 4142 972 4204 si
995 4144 1026 4207 δι
1070 4167 1117 4226 17.
1139 4170 1189 4209 nu,
1203 4168 1249 4226 ¹4·
1272 4147 1332 4210 ibi:
1353 4153 1440 4212 Dixit
1459 4168 1550 4212 autem
1571 4155 1758 4215 Dominmd
1779 4155 1876 4230 Moy-

235 4236 435 4300 pttnctptum,
451 4235 517 4299 quo
537 4238 596 4283 uon
626 4219 705 4288 aliud
727 4221 767 4288 ¹stt
796 4220 895 4306 prius,
926 4225 1021 4308 capia·
1059 4228 1130 4309 sen,
1147 4225 1241 4309 scribe
1259 4227 1309 4294 bec
1328 4230 1368 4292 ad
1387 4235 1602 4311 monimentum,
1625 4236 1665 4298 Θ
1685 4233 1874 4375 tradebari-

224 4349 229 4354 ·
1787 4334 1821 4378 ut

270 4463 343 4543 (a)
366 4462 411 4528 De
432 4460 610 4526 conficiendo
630 4463 763 4540 historia,
786 4465 818 4529 br
836 4486 969 4548 quanam
990 4471 1168 4537 adminicula
1197 4472 1227 4536 in
1259 4496 1313 4551 eo,
1343 4476 1395 4555 qui
1425 4475 1548 4540 historia
1580 4476 1764 4548 concinandae
1789 4493 1878 4557 pro-

232 4544 365 4610 uinciam
385 4545 451 4611 uult
474 4543 700 4619 thrasonem,
723 4547 922 4629 requirantur,
943 4553 1136 4622 eruditilstme
1158 4575 1243 4622 more
1263 4556 1313 4623 suo
1345 4557 1446 4622 Emin.
1474 4556 1566 4623 ,Card
1597 4558 1663 4622 Orsr
1691 4557 1723 4625 in
1752 4552 1878 4622 unfi-

227 4626 316 4699 ¹grute
336 4629 373 4697 acl
393 4626 472 4698 surm
493 4625 654 4693 Historiam
676 4627 920 4697 Ecclesrrslicrtnt.
