3959 5259
271 172 369 272 ἰιι
456 143 792 237 ruuuurrns
823 130 1292 235 ccccnsrnsrrcu,
1322 130 1391 215 ue.
1421 135 1540 219 Ant.
1570 135 1624 217 rr.

220 296 254 339 ac
274 271 393 336 interim
415 283 510 327 morte
552 255 690 330 raventi,
721 253 860 316 desliuata
889 250 1002 334 persice·
1045 243 1177 319 cleliam,
1200 240 1246 307 vel
1267 243 1479 308 Coeuteretium
1501 245 1637 308 occidunt
1661 242 1762 305 slantes
1780 242 1814 305 in·

216 370 251 420 ,te
272 353 482 434 nequiverunt.
537 360 582 400 rnc
613 337 702 418 igitur
731 334 797 409 est,
850 334 907 397 uod
938 335 1004 395 Nos
1045 344 1091 389 tra
1111 322 1287 400 Ecclesiam,
1310 323 1356 388 vel
1378 324 1607 399 Coemererium,
1630 343 1680 387 aur
1693 323 1728 387 iis
1740 345 1816 387 meru-

220 428 343 499 omnino
364 427 495 508 expedire
514 420 706 491 arbitrantes,
729 432 761 479 ut
782 419 808 491 ej
843 412 922 479 modi
936 433 1005 477 con.
1047 408 1130 471 btum
1152 405 1310 468 mutilant:
1333 424 1365 467 ac
1396 425 1446 469 eos
1476 407 1620 478 tandem,
1651 405 1704 486 qui
1735 401 1821 466 consu.

221 514 364 580 troverstis
384 506 449 569 finis
479 500 634 583 aliquando
664 498 858 580 importatur,
891 514 1004 559 eorum.
1046 486 1190 570 gientibus
1211 485 1274 549 vim
1297 483 1441 559 inserunt,
1463 505 1551 566 atque
1572 483 1646 568 ipsos
1664 486 1702 547 ab
1734 484 1823 548 Eccle-

221 598 286 661 dem
310 584 540 657 Predaceslorum
562 581 630 663 pio,
654 595 741 660 arque
763 575 864 641 salubri
900 594 1005 658 propo.
1047 571 1092 631 fiis
1112 568 1210 631 2110„
1232 565 1297 630 1000
1328 566 1453 629 immuni
1483 566 1626 630 videnter
1655 566 1823 642 extrahunt,

222 680 276 740 fito
296 673 462 735 inherentes
483 680 567 725 motu
588 661 723 743 proprio,
745 678 779 728 ert
810 674 889 721 certa
918 656 1004 718 scien·
1046 649 1078 719 δι
1100 649 1262 711 abducunt.
1287 646 1490 724 Declaranres,
1512 648 1542 707 in
1564 663 1688 730 quatuor
1708 645 1825 729 pramis.

222 758 284 829 tia,
317 772 350 814 ac
381 765 495 811 matura
522 741 727 805 deliberatione
761 739 888 812 nostris,
918 737 1010 815 deque
1050 731 1084 791 fis
1105 728 1211 791 cafibuss
1231 726 1373 802 eiusmodi
1398 729 1492 802 Re0⁵r
1522 748 1580 789 11011
1610 726 1688 791 illius
1719 745 1829 790 1111111111
1900 792 1904 805 ,

222 831 400 918 Apostolicae
429 824 583 889 potestatis
623 820 802 903 plenitudine
832 820 885 881 hac
916 818 1010 879 noslra
1049 808 1199 883 Ecclesia,
1222 828 1310 888 quarn
1345 808 1521 881 violarunt,
1555 806 1601 869 sed
1632 808 1832 889 cujuscumque

226 929 368 1000 perpetuo
399 907 525 973 valitura
555 900 794 974 Constitutione,
836 900 865 960 in
906 897 1011 980 primis
1051 891 1143 961 eriam
1177 887 1295 951 alterius
1330 888 1461 952 Ecclesre
1492 887 1685 953 immunitate
1715 892 1834 972 gaudere

246 992 377 1060 rovidam
401 985 555 1053 memorati
578 986 667 1066 Greg.
704 978 910 1045 Praedecessoris
931 979 1009 1040 Corr-
1052 989 1232 1053 nequaquam
1254 969 1347 1051 polle,
1369 988 1420 1032 11111
1441 969 1562 1033 debere·

224 1018 423 1147 iituriouem,
445 1089 511 1132 curu
533 1067 687 1138 omuibus,
718 1062 749 1125 δι
778 1063 817 1121 lin
841 1058 895 1123 ulis
925 1058 953 1119 in
975 1078 1010 1119 ea
1090 1056 1119 1129 §·
1145 1074 1172 1130 ς.
1204 1049 1255 1111 Ad
1286 1050 1348 1111 haec
1383 1050 1412 1111 ln
1443 1050 1566 1113 crimine
1599 1050 1744 1114 Allass'mii
1777 1074 1834 1116 nou

226 1155 498 1233 contentiusque
532 1145 673 1230 dispositis
703 1142 794 1224 ampli
820 1162 877 1203 rme
906 1137 1008 1201 confir·
1051 1133 1140 1195 ruodo
1162 1131 1382 1205 Mandatarios,
1403 1131 1454 1211 qui
1477 1132 1507 1193 in
1528 1128 1651 1224 ipsamet
1682 1134 1827 1215 Gregoriu-

225 1258 359 1311 mamus,
380 1231 595 1317 approbamus,
617 1229 649 1289 br
677 1224 869 1295 innovamus,
892 1221 924 1281 lic
942 1238 1011 1297 qua·
1053 1234 1091 1275 rra
1112 1210 1328 1276 Constitutione
1356 1229 1455 1293 aperte
1485 1213 1688 1294 excipiuntur,
1720 1212 1764 1281 sed
1791 1239 1826 1282 at.

225 1339 309 1385 tenus
329 1337 402 1399 opus
424 1316 478 1386 snt,
500 1308 656 1373 criminum
678 1304 708 1364 in
741 1303 793 1367 illa
824 1316 1012 1382 exceptorum
1053 1292 1112 1353 ianr
1135 1293 1321 1362 mandantes,
1347 1295 1403 1372 <qui
1434 1311 1546 1355 certum
1577 1294 1758 1374 premium,
1787 1317 1828 1363 aut

226 1403 303 1476 reis,
335 1399 366 1464 δι
396 1387 627 1472 delinquentibus
657 1382 882 1447 ltnmuuitatern
916 1378 1015 1443 Eccle-
1057 1376 1238 1449 mercedem,
1261 1374 1319 1435 five
1339 1371 1368 1435 in
1393 1375 1531 1454 pecunia,
1555 1371 1611 1437 sive
1641 1374 1670 1435 in
1699 1377 1764 1440 aliis
1796 1402 1829 1441 rr-

226 1482 363 1546 fiallicam
387 1472 531 1554 suffiagari
551 1485 732 1551 nequaquam
748 1464 866 1536 debere,
890 1461 1016 1535 iterum,
1056 1454 1109 1519 bus
1137 1452 1332 1527 tradiderint,
1365 1473 1415 1514 aut
1433 1453 1667 1535 'promiserint,
1727 1462 1830 1525 numni,

226 1585 260 1631 ac
282 1562 316 1627 de
336 1576 416 1621 novo
437 1549 633 1627 decemimus,
662 1547 693 1609 δι
712 1543 908 1607 declaramus.
942 1541 1015 1602 Pra—
1057 1533 1205 1615 promisfio
1225 1534 1336 1595 nullum
1359 1533 1490 1597 babuerit
1524 1531 1678 1609 effeshlm,
1705 1478 1830 1605 lumme-

227 1664 308 1710 tatea
327 1658 386 1701 non
407 1635 511 1715 absque
533 1631 616 1713 gravi
637 1626 729 1692 animi
742 1624 830 1687 noslri
843 1621 942 1686 dolore
953 1621 1014 1681 ani·
1056 1617 1093 1678 do
1114 1612 1297 1677 Aliassrniuur
1329 1635 1358 1675 re
1388 1613 1448 1696 ipsa
1474 1633 1627 1711 patratum
1659 1615 1773 1696 suerit,
1800 1624 1830 1686 ab

226 1726 442 1793 madverrenres
463 1716 502 1777 ob
523 1712 653 1784 auslam,
676 1726 763 1789 atque
792 1705 821 1766 in
854 1703 914 1766 dies
935 1702 1015 1765 inva-
1056 1692 1259 1758 Ecclefiallicae
1295 1695 1498 1759 lmmuuitatrs
1538 1695 1677 1760 beneficio
1713 1705 1831 1767 excindi.
1897 1742 1907 1764 .

227 1806 380 1872 lescentent
403 1794 600 1882 perversorum
623 1790 774 1854 hominurn
799 1784 946 1865 rualitiaru
968 1779 1014 1843 sa·
1056 1797 1139 1853 mus,
1162 1799 1195 1841 ac
1225 1796 1279 1857 pro
1313 1775 1430 1841 etclufis
1458 1796 1599 1860 perpetuo
1629 1777 1724 1847 haberi
1757 1785 1831 1851 volu·

228 1909 264 1972 pe
287 1907 320 1948 ac
343 1881 440 1965 sepius
460 1874 600 1940 nonnulla
620 1873 677 1939 alia
696 1865 928 1953 graviacrimina
948 1883 1011 1946 per·
1052 1880 1135 1934 mus,
1154 1860 1186 1922 δι
1207 1856 1396 1920 mandamus·

228 1964 354 2054 patrari,
376 1982 439 2042 quat
460 1979 517 2019 non
540 1958 654 2029 minus,
676 1971 763 2035 quant
785 1949 837 2011 illa
858 1946 1011 2025 inGrego·
1092 1943 1121 2018 §.
1162 1949 1206 2033 6..
1231 1938 1423 2003 Excludimus
1468 1943 1608 2025 pariter,
1646 1948 1832 2032 repellimus,

228 2051 309 2112 tiana
331 2039 577 2113 Constitutione,
604 2053 637 2098 ut
667 2030 842 2117 prefertur,
877 2043 1014 2109 excepta,
1055 2039 1142 2114 atque
1164 2040 1311 2103 privamus
1332 2019 1457 2095 ejusdem
1490 2020 1686 2091 Immunitatis
1709 2032 1831 2114 privile·

230 2129 376 2214 publicam
397 2123 526 2204 quierem
537 2115 726 2200 perturbant,
749 2110 869 2195 proinde
878 2108 914 2170 ad
923 2105 1014 2171 delin·
1055 2124 1105 2183 gro
1126 2101 1334 2194 interficientes
1355 2105 1522 2184 proximum
1546 2103 1627 2167 sunm
1653 2110 1740 2176 animo
1782 2134 1829 2176 rz-

229 2208 382 2285 onentium
413 2201 581 2273 audaciam,
613 2217 646 2259 ac
677 2191 817 2271 ejusmodi
847 2186 1016 2253 ‹lelislorom
1058 2183 1218 2257 meditato,
1240 2202 1273 2244 ac
1304 2181 1491 2249 deliberato:
1523 2184 1712 2254 Falfificantes
1742 2195 1828 2258 larte-

229 2288 440 2369 frequentiam,
461 2298 603 2362 quantum
627 2275 688 2341 fieri
719 2271 847 2356 poterit,
882 2289 1015 2333 coercen—
1058 2286 1104 2328 ras
1124 2261 1334 2346 apostolicas:
1366 2264 1519 2329 Ministtos
1549 2268 1669 2335 Montis
1701 2273 1834 2351 Pietatis,

229 2375 316 2442 dam,
360 2389 391 2429 ro
415 2360 576 2446 Apostolici
599 2355 724 2421 muueris
733 2353 820 2418 noslri
831 2351 947 2426 debito,
970 2371 1013 2425 ea,
1057 2344 1103 2411 vel
1125 2344 1243 2438 alterius
1272 2342 1382 2437 publici
1412 2346 1553 2424 Telonii,
1586 2367 1637 2412 aut
1672 2352 1759 2418 Burei
1786 2376 1839 2439 pto

228 2387 667 2536 quainritiuserplicabuntnt,
689 2431 1013 2501 statuendacensuimus·
1055 2425 1391 2520 d²P0fil¹⁵,pfl⁰⁶¹Pl⁵r
1432 2427 1672 2512 Pfll²l²f⁰fflql²0
1713 2434 1853 2502 pessm-

269 2535 299 2611 ς,
342 2554 367 2611 3,
408 2529 485 2600 curn
527 2525 623 2605 itaque
662 2518 794 2603 praedisia
833 2514 1015 2596 Gregoriaua
1055 2528 1121 2603 rum
1141 2506 1273 2599 destinati
1295 2504 1428 2603 furtum,
1450 2528 1500 2572 aut
1531 2509 1687 2576 salfitareut
1716 2517 1744 2579 in
1774 2541 1860 2595 prae.

232 2610 449 2676 Conllirutione
468 2623 585 2668 caurum
609 2604 660 2675 stt,
692 2618 725 2663 ut
757 2596 880 2682 publicis
910 2596 1014 2656 Latro-
1054 2587 1489 2685 (1181110911βθ111111111111111ι
1509 2596 1592 2667 cnlus
1625 2597 1735 2662 tatione
1761 2602 1862 2665 Arca

230 2694 335 2766 nibus,
367 2689 537 2766 viarumque
567 2681 796 2755 Grallatoribus,
851 2677 880 2739 ui
912 2675 1017 2742 irinera
1057 2691 1220 2812 pecuniaria
1241 2689 1283 2732 ιιι
1306 2688 1475 2746 minuatur,
1506 2691 1540 2737 ut
1569 2693 1667 2756 poeuae
1697 2680 1862 2747 ordinarie

231 2774 427 2856 frequentata,
449 2766 496 2831 vel
520 2765 648 2860 publicas
667 2762 767 2825 stratas
795 2694 942 2830 ebidem,
962 2773 1017 2849 put
1070 2772 1139 2814 ocus
1160 2751 1214 2813 fit:
1235 2747 1433 2826 Conflanres,
1465 2753 1690 2835 adulterantes,
1717 2762 1761 2825 rtl
1799 2764 1859 2827 de·

230 2856 357 2918 viatores
376 2874 410 2914 err
442 2848 548 2910 infidirs
577 2841 808 2925 aggrediuntur,
841 2840 1017 2899 Immunrtas
1057 2831 1209 2895 tondentes
1239 2829 1433 2913 quascumque
1473 2853 1605 2899 monetas
1648 2860 1772 2917 aureas,
1806 2846 1863 2907 vel

229 2932 425 2998 Ecclesiastica
465 2928 587 2988 minime
626 2919 691 2984 sulii
729 2938 821 2988 etur;
854 2937 913 2979 uon
944 2914 1017 2979 levis
1058 2927 1227 3005 argenteas,
1249 2911 1341 2975 etiam
1365 2912 1535 2998 Principum
1566 2935 1755 2997 exterorum,
1780 2944 1862 3005 quo.

229 3036 328 3079 autern
351 3014 427 3074 inter
458 3007 596 3070 Doctores
627 3024 705 3067 emer
717 3003 773 3064 erit
793 2997 1018 3072 ¹controversia,
1062 2991 1240 3074 rtescumque
1261 2992 1291 3053 in
1312 2993 1401 3069 loco,
1423 3014 1473 3058 aut
1508 2994 1680 3081 provincia,
1713 3004 1766 3067 ubi
1800 3007 1863 3067 cri-

229 3120 265 3161 ,ιιι
286 3095 351 3177 quis
371 3116 404 3155 ex
428 3092 514 3152 unico
535 3087 599 3153 osio
611 3083 740 3167 publicus
758 3082 871 3151 Latro,
893 3077 1019 3140 &Grai
1060 3094 1127 3137 men
1149 3074 1344 3151 admittetur,
1368 3074 1491 3139 liberum
1523 3079 1649 3145 babeant
1679 3082 1797 3159 usum,
1830 3087 1866 3150 bc

229 3178 305 3241 sator
326 3174 383 3236 dici
406 3169 510 3255 pulsnt,
533 3168 577 3235 val
602 3167 694 3245 plures
716 3163 751 3224 ad
773 3161 802 3220 id
823 3158 902 3221 usius
923 3159 1016 3238 requi·
1058 3158 1299 3219 commercium:
1330 3154 1378 3220 vel
1409 3155 1482 3239 ipsas
1522 3181 1663 3226 monetas
1691 3166 1866 3245 conflatas,

233 3255 352 3322 rantur?
375 3254 439 3314 Nos
461 3247 600 3322 ejusmodi
622 3241 847 3311 controversiam
881 3239 1017 3302 dirimere
1058 3237 1253 3312 adulteratas,
1275 3249 1326 3300 aut
1358 3235 1490 3302 detonsas
1521 3239 1642 3307 scienter
1673 3246 1718 3309 ita
1746 3269 1864 3332 expen-

233 3338 432 3403 intendeutes,
468 3328 582 3389 unicam
606 3340 720 3388 tanturn
742 3319 956 3397 Grassationem
990 3321 1019 3381 in
1060 3317 1142 3394 dere,
1166 3318 1197 3380 bc
1216 3338 1334 3399 erogare
1356 3317 1578 3399 presumentes,
1602 3343 1636 3388 ut
1657 3325 1766 3393 fraudis
1783 3350 1860 3392 corr-

231 3419 281 3484 uit
302 3412 447 3499 publica,
480 3425 528 3469 aur
561 3403 681 3469 vicinali
710 3401 859 3467 adnisum
895 3398 1020 3465 sufficere
1061 3395 1130 3473 scii,
1162 3417 1250 3479 atque
1280 3398 1437 3482 participes
1466 3402 1570 3466 censeri
1603 3405 1746 3487 polline:
1783 3410 1861 3475 illos

231 3503 265 3565 ,d
288 3500 363 3563 hoc,
387 3507 419 3552 ut
439 3489 503 3568 quis
526 3484 656 3567 publicus
678 3484 786 3556 Latro,
810 3483 841 3545 δι
870 3480 1019 3545 Grallator
1059 3477 1197 3554 demum,
1218 3478 1270 3574 qui
1292 3478 1342 3541 sub
1364 3482 1483 3545 nomine
1504 3485 1599 3548 Curia
1631 3485 1687 3553 sese
1720 3490 1857 3557 introdu-

231 3578 288 3643 dici
310 3572 425 3646 valcat,
446 3569 607 3631 dummodo
628 3584 725 3628 tamen
760 3561 886 3625 Grallari
917 3584 1018 3639 mors,
1059 3577 1129 3623 cunt
1151 3560 1179 3621 in
1202 3559 1274 3622 altas
1293 3559 1398 3623 domos
1419 3563 1520 3626 animo
1551 3565 1659 3629 ibidem
1685 3590 1856 3654 perpetran-

232 3677 281 3722 aut
308 3653 507 3731 ,membrorum
539 3647 687 3709 mutilatio
718 3642 812 3707 secura
841 3640 945 3718 fuerit,
977 3663 1019 3711 re·
1059 3640 1089 3701 di
1111 3642 1243 3718 rapinas,
1264 3640 1365 3723 easque
1387 3642 1478 3725 reipsa
1498 3647 1695 3713 committunt
1713 3653 1852 3715 cumbo-

234 3756 305 3802 nore
326 3732 507 3819 presentium
530 3729 700 3800 desinimus,
724 3726 753 3788 br
775 3722 976 3789 declaramus.
1061 3722 1199 3796 micidio,
1221 3739 1271 3785 aut
1294 3721 1482 3787 mutilatione
1503 3728 1703 3794 membrorum
1724 3734 1850 3806 alicuius

271 3821 302 3895 §.
324 3841 354 3894 4.
385 3812 504 3895 Insuper
543 3810 579 3873 ab
615 3805 811 3872 Ecclesrallicae
849 3804 1018 3866 immunita·
1059 3825 1095 3869 err
1116 3803 1278 3867 domeslicis
1299 3809 1466 3868 earumdem
1486 3808 1610 3885 edium,
1632 3812 1680 3875 vel
1698 3813 1851 3877 ethmu-

233 3900 272 3962 tis
298 3895 436 3962 beneficio
465 3891 673 3965 excludimus,
705 3906 792 4028 atpue
824 3883 1016 3966 repellimus,
1060 3885 1180 3957 tranei,
1212 3904 1299 3965 quern
1332 3884 1372 3946 ibi
1404 3884 1478 3951 sorte
1508 3892 1628 3972 reperiri
1657 3895 1806 3976 contigerit
1836 3939 1854 3971 ‚

234 3983 264 4042 δι
285 3998 338 4061 pro
358 3975 509 4048 λοιεΙιιῖιε,
543 3991 629 4052 atque
661 3967 739 4051 repul
753 3989 776 4031 ts
809 3967 907 4033 haberi
935 3965 1020 4030 volu·
1061 3964 1222 4027 dummodo
1243 3964 1455 4043 homicidium,
1476 3970 1525 4036 vel
1553 3974 1744 4038 membrorum
1774 3995 1860 4041 mu-

235 4081 319 4134 tnus,
342 4059 445 4118 nedum
468 4076 535 4129 eos,
557 4053 610 4134 qui
639 4048 816 4123 homicidia,
848 4065 899 4109 aut
930 4047 1019 4109 muti·
1062 4045 1162 4109 tilario
1184 4043 1334 4125 sequatur.
1467 4102 1480 4115 x

235 4141 359 4204 lationes
399 4137 595 4200 membrorum
626 4133 657 4194 in
691 4129 852 4204 Ecclefiis,
882 4148 1020 4192 earumve
1101 4129 1132 4203 §.
1173 4148 1202 4206 7.
1238 4128 1377 4190 Ceterum
1413 4150 1481 4193 cum
1524 4134 1661 4199 diuturna
1698 4160 1733 4201 er
1772 4137 1868 4200 eten-

234 4218 419 4288 Coemereriis
457 4216 642 4285 committere
672 4213 800 4283 audent,
831 4209 1021 4288 quemadmo·
1062 4206 1105 4273 tia
1135 4226 1319 4290 compertum
1354 4206 1468 4287 suerit,
1500 4213 1604 4279 Curias
1639 4218 1874 4283 Eccserailicas

233 4306 301 4371 dum
326 4302 354 4362 in
377 4297 559 4379 Gregoriaua
579 4294 793 4358 Constitutione
811 4288 951 4352 sancitum
962 4292 1018 4357 ella
1062 4289 1092 4350 in
1113 4289 1238 4362 casibus,
1258 4290 1310 4370 qui
1341 4288 1476 4356 hasienus
1508 4317 1688 4373 evenerunt,
1722 4298 1877 4363 difficul-

233 4404 334 4449 verum
357 4382 446 4445 etiam
469 4398 538 4450 eus,
557 4375 608 4470 qui
631 4378 732 4441 slantes
754 4374 783 4433 in
805 4370 948 4444 Ecclesia,
971 4366 1020 4434 vel
1061 4388 1104 4433 ter
1137 4372 1284 4452 probare,
1315 4371 1346 4433 ἃ
1377 4373 1583 4456 consequenter
1612 4378 1754 4443 declarate
1814 4400 1882 4462 ρο.

191 4464 196 4471 ’
232 4462 409 4533 Coemeterio
454 4455 631 4521 interficrunt
662 4458 764 4518 slantes
804 4470 885 4517 extra
919 4452 1018 4514 Eccle-
1061 4450 1141 4515 ruille
1163 4451 1322 4525 delisium,
1357 4473 1411 4533 pro
1441 4475 1501 4536 quo
1530 4460 1596 4542 quis
1625 4463 1661 4522 ad
1691 4461 1884 4525 Ecclefim

235 4550 324 4623 siant,
347 4544 393 4609 vel
410 4537 645 4613 Cremererium,
677 4553 728 4600 aut
758 4534 823 4617 ipsis
852 4535 1017 4596 membrum
1061 4530 1257 4614 confugerat,
1287 4531 1366 4596 fuisse
1397 4538 1637 4633 comprehensum
1668 4542 1698 4604 in
1727 4559 1885 4603 numero

234 4628 399 4696 mutilant,
414 4626 538 4689 Necnon
560 4639 625 4701 eos,
647 4620 699 4702 qui
712 4617 823 4686 uantes
853 4631 936 4683 erres
962 4614 1020 4679 Ec·
1062 4632 1249 4697 exceptorum
1269 4632 1391 4699 propter
1405 4638 1525 4689 varum
1559 4622 1720 4692 earumdem
1738 4620 1886 4685 carra.
1977 4674 1978 4679 ι

1740 4720 1834 4767 tm
