3959 5259
418 80 831 181 rmrnmmatrrn
866 91 1263 201 mnnntmomr,
1298 98 1420 181 Are.
1459 100 1493 181 1.
1631 127 1719 214 407

150 206 195 277 nii
218 205 296 275 inter
316 203 344 271 se
363 207 425 290 poll
446 224 573 274 mortem
594 204 937 290 alterintcunjugiscou·
978 205 1055 285 fine,
1076 206 1110 271 bt
1130 206 1232 271 animo
1252 207 1442 272 contrahendi
1463 206 1694 275 Matrimonium
1706 237 1773 281 curn

149 292 302 366 trahendi,
323 292 501 363 Communis,
522 311 581 375 arg.
602 305 662 372 rep.
702 285 886 353 laudabilem
910 308 936 351 ι.
977 307 1044 352 com
1069 287 1123 352 lice
1143 288 1298 353 adulterii:
1321 290 1393 353 Non
1414 287 1493 352 enim
1514 285 1636 374 sufficit,
1668 292 1690 354 si
1720 295 1774 360 frat

84 439 87 448 ,
149 373 186 436 de
208 368 367 447 ennrrrfion.
389 367 565 449 infidelium,
587 370 627 435 (r
646 372 821 454 npsiqeis
835 373 938 434 uiuen-
979 389 1014 433 ex
1064 367 1094 433 io
1115 365 1193 445 fine,
1213 387 1265 433 aut
1287 367 1474 444 motivo,‘v.
1493 390 1524 451 g.
1543 391 1578 434 err
1592 371 1681 447 odio,
1703 374 1774 438 vin.

148 472 179 517 ee
201 476 230 533 ς.
251 453 327 532 cens.
351 471 400 533 3¹·
441 451 514 530 aeli.
538 474 566 519 r.
979 447 1076 527 diiia,
1098 449 1129 513 bt
1149 447 1336 525 hujusmodi3
1356 471 1418 541 arg.
1439 451 1489 513 cir.
1503 467 1561 532 cap.
1584 450 1773 518 hedabilem

91 541 127 606 81
190 535 235 598 Ut
263 550 363 599 autem
393 474 452 598 rahe
481 530 676 597 homicidium
711 531 770 596 fine
797 530 939 598 adulterio
983 528 1057 596 nde
1076 532 1202 611 convers.
1225 528 1337 609 insides.
1362 529 1401 595 Θ
1422 534 1473 594 cit.
1495 548 1557 612 cap.
1579 535 1611 594 Si
1642 536 1705 615 quie
1724 538 1773 599 ui·
1827 573 1857 586 „

141 612 247 681 causet
268 611 573 698 impedimentum,r
610 612 742 679 uimutur
762 627 820 679 tres
838 614 938 678 condi·
978 632 1062 676 omre
1085 633 1115 693 5.
1137 614 1214 692 caus.
1237 634 1287 696 3¹·
1307 637 1337 693 q.
1351 634 1378 675 ι.
1401 609 1463 673 ibi:
1486 610 1627 690 Occidiffe
1645 633 1771 697 meror,

146 698 247 763 tiones
258 701 269 757 .’
290 696 405 770 Prima,
436 710 470 759 nt
497 710 561 759 tam
624 693 678 771 ir,
706 715 795 778 quam
827 692 941 761 Mulier
981 711 1015 756 nr
1033 697 1260 778 conjungeretur,
1283 708 1315 756 ut
1336 706 1422 756 notat
1442 690 1484 755 ib.
1507 692 1628 757 Glolla.

143 776 325 843 contrahere
345 775 478 841 volentes
498 774 668 853 moraliter,
688 774 940 861 velphyficecon·
1023 776 1203 839 Adulterium
1218 775 1310 854 solnm
1329 794 1392 835 mm
1406 775 1577 854 promrffione
1590 778 1772 845 nominem}
1790 779 1831 859 ⁸4
1853 799 1873 844 t.

144 873 268 924 currant
289 857 326 920 ad
346 873 474 923 mortem
503 855 633 939 conjugis
662 855 851 928 innocentis3
881 877 942 920 non
981 853 1127 935 defuturo
1145 856 1184 919 est
1206 852 1450 937 impedimentum
1470 853 1632 934 dirimens,
1677 860 1772 928 nando
1854 859 1863 906 Γ

145 939 235 1004 enirn
253 936 376 1014 sufficit,
398 937 419 1000 st
439 957 512 1003 unus
543 953 688 1015 tautum,
718 937 767 1002 vel
796 957 854 1001 una
884 936 940 1000 stne
981 936 1112 1015 adulter,
1134 935 1165 999 bt
1185 934 1332 1010 adultera,
1356 933 1414 1000 seve
1434 950 1523 1015 ante,
1544 877 1675 1019 strepnh
1692 941 1773 1007 adul·

136 1019 244 1101 scitu,
266 1018 312 1084 rel
334 1015 468 1084 consensu
488 1018 607 1084 alterius
627 1017 663 1081 ad
692 1015 782 1083 talem
814 1034 942 1082 mortem
982 1017 1090 1081 terium
1113 1015 1297 1080 commissum
1318 1014 1517 1098 promittunt,
1539 1016 1572 1081 bt
1591 1016 1679 1082 fidem
1700 1023 1774 1089 daut

147 1115 324 1175 concurrat,
345 1123 406 1185 erg.
427 1104 477 1165 eit.
498 1098 765 1182 cantandarum
788 1118 816 1161 r.
839 1098 941 1164 decon-
982 1098 1018 1161 de
1039 1095 1241 1164 Matrimonio
1262 1097 1324 1179 post
1346 1112 1472 1161 mortem
1502 1097 1635 1183 coniugis
1655 1109 1772 1170 contra·

56 1250 72 1264 x
147 1182 224 1261 oens.
245 1178 418 1259 infidelium.
440 1180 641 1262 Secunda,ut
661 1200 740 1245 mora
769 1201 805 1244 ex
837 1198 940 1245 mutua
981 1177 1097 1257 hendo,
1118 1177 1230 1245 etiamsi
1250 1176 1302 1261 ipsr
1323 1176 1354 1240 in
1375 1176 1465 1243 talem
1485 1197 1613 1247 mortem
1622 1189 1680 1246 nou
1701 1204 1774 1251 con·
1880 1238 1882 1240 .

74 1265 90 1275 “
149 1282 252 1328 eorum
273 1257 491 1328 machinatione
513 1281 631 1337 revera,
652 1262 684 1325 dt
714 1259 744 1323 in
777 1258 938 1327 elledu'se·
979 1257 1173 1342 spiraverint.
1195 1260 1377 1334 Communis,
1408 1269 1470 1342 erg.
1500 1277 1561 1344 rep.
1584 1266 1716 1328 Relatum
1735 1265 1786 1343 eli.

149 1357 277 1426 quatur,
298 1363 356 1409 non
377 1343 457 1410 enim
479 1340 583 1408 sufficit
603 1339 663 1407 sola
680 1357 794 1410 ¹mutua
828 1341 936 1407 machi·
977 1362 1008 1416 4.
1027 1343 1102 1421 ceos.
1117 1363 1166 1424 3¹·
1188 1363 1235 1422 qu.
1259 1361 1286 1403 ι.
1308 1360 1370 1423 cap.
1392 1340 1561 1425 Prnpnſstrnr
1584 1363 1611 1407 1.
1633 1362 1693 1428 cap.
1726 1347 1773 1412 Ere

62 1447 68 1454 ·
145 1425 254 1502 natio,
277 1423 298 1488 fi
318 1445 403 1491 mora
417 1444 477 1489 non
499 1422 650 1507 sequatur.
671 1426 854 1500 commonit,
875 1447 936 1506 arg.
977 1424 1148 1486 litterarum
1169 1439 1279 1484 tuarum
1299 1441 1331 1498 4.
1351 1422 1773 1512 eap.iignificellie6.<rcap.
1820 1418 1828 1442 ¹

18 1517 26 1574 ἱ
142 1509 201 1568 cia.
224 1530 250 1570 c.
270 1508 304 1568 si
359 1509 385 1569 ie
403 1510 521 1570 uiuente
543 1526 571 1587 5.
592 1527 654 1567 oea.
689 1526 715 1568 r.
735 1530 765 1587 q.
780 1508 806 1567 ι’.
828 1505 865 1569 Φ
888 1508 938 1568 cit.
978 1506 1094 1567 Veniens
1135 1500 1202 1566 ‚de
1221 1528 1268 1578 eo,
1288 1504 1340 1583 qui
1358 1505 1442 1565 duxit
1461 1507 1493 1569 in
1513 1507 1748 1570 Matrimonium.

141 1529 642 1667 e.1.mmbtie⁰mr.memvns.r
700 1587 803 1680 elium.
824 1586 937 1658 Tertia,
1020 1525 1337 1679 Urtalejdulterium
1359 1580 1454 1647 solum
1484 1605 1551 1660 cum
1577 1587 1768 1672 pmmiisront
1788 1590 1859 1680 852

144 1683 183 1733 ut
205 1666 381 1752 conspiratio
402 1666 453 1731 illa
474 1667 506 1732 in
535 1684 662 1733 mortem
693 1665 826 1749 coniugis
856 1667 941 1730 inno·
969 1662 1175 1727 *Matrimonii
1197 1662 1350 1728 defuturo
1379 1660 1475 1728 causet
1494 1666 1768 1752 ¹impedimentum,

147 1746 261 1823 centis,
282 1770 317 1812 ac
336 1749 443 1813 mortis
474 1749 653 1814 machinatio
682 1746 765 1822 fiat,
796 1769 861 1822 ex,
892 1744 940 1812 vel
981 1762 1011 1807 re
1033 1743 1166 1808 uiruntur
1185 1762 1312 1827 quatuor
1331 1741 1531 1812 conditiones.
1567 1750 1593 1813 1.
1616 1750 1659 1814 Ut
1680 1749 1770 1815 inter·

146 1833 217 1895 cu'm
249 1828 413 1895 intentione
441 1829 630 1894 contrahendi
662 1826 790 1893 invicem
825 1825 937 1890 Matri·
977 1763 1062 1919 cedat
1084 1823 1155 1890 seria
1173 1825 1205 1889 δι
1224 1846 1291 1889 acce
1312 1841 1375 1921 tata
1402 1825 1440 1890 ab
1472 1825 1563 1894 altera
1584 1833 1674 1915 'parte
1701 1847 1769 1913 pro

149 1909 289 1978 monium
310 1926 406 1974 morte
426 1907 540 1984 secuta3
561 1929 621 1972 uon
649 1908 728 1974 enim
762 1901 886 1984 sufficit,
917 1906 939 1970 ii
978 1902 1074 1970 milito
1094 1904 1130 1968 de
1151 1903 1249 1972 futuro
1310 1905 1489 1972 artimonio:
1511 1910 1583 1976 Non
1613 1911 1692 1976 enim
1713 1909 1768 1976 suf-

147 1991 203 2054 fiat
218 1979 259 2053 ix
277 1988 338 2055 alio
359 1988 433 2066 fine,
456 1989 503 2055 seu
524 1989 658 2066 motivo,
680 2011 710 2055 v·
740 2008 770 2070 g.
791 2008 828 2052 ex
849 1986 936 2066 odio,
979 1983 1042 2050 hcit
1062 1985 1236 2052 adulterium
1258 1986 1315 2051 fine
1336 1986 1771 2077 taliacceptatapromitiione.

147 2069 299 2146 vindmia,
320 2071 352 2135 bt
373 2069 568 2158 hujusmodi„
585 2072 765 2145 Communis,
797 2091 857 2153 arg.
888 2071 937 2133 cir.
977 2069 1160 2144 Cornnrunis,
1180 2084 1313 2153 erg.cop.
1334 2067 1555 2150 Significaflird.
1576 2093 1638 2156 cap.
1654 2077 1768 2137 Veniens
1851 2111 1859 2120 ι

146 2165 209 2233 cap.
233 2149 434 2228 laudabilem,
458 2151 497 2220 <u
517 2156 565 2217 cir.
586 2168 647 2235 cop.
666 2155 700 2215 Si
716 2153 779 2232 quir
799 2151 874 2231 caus.
889 2169 937 2232 31.
966 2169 1008 2229 ·7.
1020 2146 1060 2211 (i
1080 2168 1140 2233 cap.
1158 2153 1190 2212 Si
1209 2152 1272 2231 quis
1290 2149 1320 2211 8.
1343 2148 1378 2210 de
1394 2171 1442 2228 eo,
1463 2156 1514 2232 qui
1530 2151 1612 2216 duait
1637 2157 1682 2216 in
1699 2158 1767 2214 Mn.

143 2254 175 2314 q.
191 2253 218 2295 ι.
241 2231 306 2295 ibi:
328 2232 465 2314 Occidifft
493 2252 616 2309 notetur,
651 2248 683 2293 ut
711 2234 935 2315 conjungeretur,
977 2233 1157 2320 trimonium.
1179 2230 1244 2295 Nec
1265 2228 1427 2307 reserr,·an
1458 2225 1636 2297 adulterium
1668 2253 1770 2316 praece·

143 2327 182 2375 ut
201 2327 287 2377 notat
306 2312 349 2378 ib.
370 2312 491 2378 Glossa.
975 2309 1045 2385 dat,
1068 2309 1114 2376 rel
1136 2308 1320 2392 subsequatur
1339 2309 1429 2375 talem
1444 2311 1682 2395 promiscuum,
1705 2332 1768 2379 ter·

81 2391 122 2455 82
186 2393 380 2458 ilonieidirrm
399 2415 462 2458 cum
480 2395 616 2458 adulterio
635 2394 673 2459 eli
693 2394 934 2476 impedimentum
975 2406 1009 2454 tu
1029 2390 1157 2474 expresso
1178 2390 1208 2453 in
1228 2395 1277 2455 eit.
1294 2408 1357 2475 rep.
1372 2394 1407 2454 51·
1431 2396 1494 2474 quie
1519 2395 1550 2457 8.
1575 2394 1617 2456 de
1637 2418 1683 2470 eo,
1717 2398 1768 2477 qui

144 2470 305 2549 dirimens,
326 2474 442 2556 quando
462 2474 538 2540 solos
559 2473 672 2538 adulter
690 2474 842 2537 commisso
855 2472 934 2536 adol·
974 2469 1058 2533 denir
1078 2476 1108 2533 in
1128 2475 1364 2550 hlaoimoninm,
1384 2471 1446 2536 ibi:
1468 2475 1501 2536 Si
1513 2479 1613 2558 prior,
1643 2475 1693 2539 vel
1716 2493 1766 2557 po·

141 2551 223 2620 aerio
242 2554 352 2626 occidit
373 2553 450 2617 suam
473 2556 624 2629 Uxorem,
646 2567 697 2616 aut
725 2551 786 2616 sola
804 2552 935 2617 adultera
969 2543 1028 2645 [leo
1049 2591 1098 2615 ..0
1118 2551 1200 2614 illem
1217 2552 1527 2636 adulteriopollmffet.
1561 2555 1670 2619 1}.Ut
1699 2574 1766 2639 pro·

140 2630 235 2698 suum.
261 2634 433 2711 Maritum,
464 2633 557 2700 etiam
587 2629 693 2715 absque
722 2631 936 2718 conspiratione
976 2629 1091 2707 milito,
1113 2630 1145 2696 u
1174 2630 1349 2697 adulterium
1378 2632 1453 2698 sacia
1481 2634 1535 2697 sint
1565 2635 1685 2700 virente
1715 2657 1766 2702 eo·

138 2733 212 2776 cum
232 2714 378 2799 oumplice
395 2714 550 2780 adulterii.
583 2715 762 2789 cannonis,
793 2738 853 2797 arg.
874 2730 935 2797 cop.
976 2712 1042 2776 dem
1063 2713 1205 2793 coniuge:
1228 2712 1300 2776 Non
1320 2713 1401 2780 enim
1421 2711 1589 2790 sufficiun
1609 2714 1680 2779 fiant

140 2793 326 2877 Significavit
344 2796 423 2860 nobis
444 2815 472 2858 2.
495 2794 535 2858 (θ’
554 2810 614 2876 cap.
644 2796 730 2874 Super
760 2791 811 2856 hoe
840 2816 869 2875 3.
899 2793 935 2854 de
977 2807 1104 2855 mortem
1126 2792 1229 2876 ipsine.
1249 2799 1429 2872 nonnanis,
1450 2812 1596 2881 arg.'cep.
1617 2801 1668 2878 Sig
1694 2799 1699 2810 '
1732 2820 1767 2858 a·

142 2896 192 2950 ro,
214 2881 265 2958 qni
285 2876 367 2940 denir
386 2879 417 2939 in
438 2876 672 2949 Matrimonium,
696 2872 935 2957 &reprimis
968 2870 1023 2951 liis
1043 2874 1072 2933 6.
1095 2888 1155 2953 cap.
1176 2874 1292 2938 Veniens
1301 2895 1331 2952 7.
1351 2876 1390 2939 Θ
1410 2894 1470 2959 cap.
1490 2881 1523 2939 Si
1538 2879 1599 2956 qais
1610 2877 1641 2938 8.
1659 2876 1693 2937 de
1712 2901 1765 2954 eo,

141 2961 264 3018 vivente
286 2977 313 3031 ς.
336 2958 409 3036 confi
434 2974 483 3031 ³1.
505 2978 535 3037 q.
560 2976 588 3017 1.
973 2954 1025 3035 qni
1044 2950 1127 3016 denir
1144 2955 1174 3014 in
1192 2956 1426 3032 Matrimonium,
1449 2954 1499 3018 obi
1520 2954 1766 3039 semperdiciturt

80 3035 121 3117 83
189 3035 234 3097 Ut
253 3031 312 3098 tale
333 3034 526 3100 homicidium
560 3054 627 3098 cum
660 3033 804 3100 adulterio
837 3030 932 3099 causet
972 3035 1008 3097 si
1025 3035 1142 3096 vivente
1164 3035 1269 3097 Urore.
1292 3035 1352 3097 111.
1374 3034 1418 3098 Ut
1447 3050 1512 3099 utet
1533 3056 1568 3102 ue
1597 3036 1765 3102 adulterans

143 3114 410 3198 impedimentum,
432 3113 615 3198 requimntur
634 3112 726 3178 etiam
756 3133 814 3179 tter
833 3115 932 3178 condi·
973 3111 1046 3177 sciat
1066 3111 1189 3179 alterum
1210 3113 1264 3180 else
1283 3118 1494 3197 conjugatum:
1547 3137 1586 3180 un
1606 3116 1686 3180 enim
1708 3116 1763 3181 stri·

143 3195 263 3259 tiones.
284 3197 313 3258 1.
333 3196 377 3260 Ut
398 3217 472 3261 unua
490 3195 670 3280 complicum
688 3194 825 3286 ¹adulterii
839 3195 931 3259 sitve·
972 3192 1055 3286 sicit,
1077 3194 1097 3255 h
1118 3211 1240 3269 neutra,
1262 3195 1309 3258 rel
1330 3194 1422 3259 altera
1440 3215 1506 3279 pars
1526 3195 1635 3260 nesciat
1645 3200 1764 3262 secum·

141 3295 177 3338 ra
199 3273 283 3342 causa
302 3276 438 3360 phyica,
461 3294 511 3340 aut
542 3274 662 3340 moralis
689 3275 772 3340 cedia
800 3276 867 3347 conj
907 3275 933 3338 'e
972 3274 1090 3338 mittere
1108 3269 1307 3338 adulterium.
1327 3278 1504 3352 commenti,
1528 3298 1591 3358 neg.
1612 3295 1679 3360 cap..
1696 3282 1764 3342 Pm-

137 3355 329 3431 innocentie3
351 3355 411 3422 sola
429 3358 507 3421 enim
530 3355 701 3422 ratihabitio
716 3356 800 3428 cadit
820 3294 929 3429 jamna·
968 3353 1086 3497 postium
1108 3374 1133 3415 1.
1154 3352 1189 3416 de
1221 3376 1267 3431 eo,
1288 3358 1338 3436 qui
1357 3358 1444 3421 dreia
1462 3360 1760 3435 incMerrimmiorn,

137 3435 214 3514 aa,
235 3456 286 3501 aut
306 3438 480 3523 approbatio
500 3460 559 3502 non
590 3434 714 3502 sufficit.
745 3440 926 3513 Communis,
1002 3434 1036 3497 i:
1089 3437 1138 3497 uia
1158 3452 1251 3515 remen
1270 3438 1369 3501 molier
1388 3451 1448 3500 erae
1471 3440 1583 3519 inscie,
1613 3438 1686 3519 quod
1712 3440 1763 3504 ilie

137 3540 204 3600 ‘⁸'
225 3521 274 3582 ‘¹³‘
293 3537 353 3678 'i'
373 3521 927 3682 ⁸³li.vliintflsn‘mi·
964 3513 1761 3683 {manitilium-..h..lali

507 3644 517 3676 r
918 3641 926 3660 ·
958 3645 962 3652 ·
1086 3641 1094 3661 ·
1219 3639 1227 3659 ·
1298 3635 1328 3658 '‘
1749 3638 1763 3652 ‘

67 3609 71 3622 '
137 3601 407 3664 aflinni

137 3597 406 3764 Necg’r'ehnmtui,
427 3683 505 3763 qood
526 3698 646 3762 uterque
674 3696 849 3756 concurrat,
881 3676 928 3740 sed
966 3676 1065 3750 diurn,
1087 3676 1119 3740 δι
1138 3673 1403 3742 consummatum:
1434 3679 1506 3744 Non
1536 3680 1617 3744 enim
1649 3677 1758 3746 sufficit

135 3757 267 3837 sufficit,
291 3762 313 3828 st
333 3782 407 3827 unua
424 3761 500 3828 solue
519 3780 640 3840 eorum,
660 3761 750 3840 etiam
771 3757 864 3823 altero
885 3757 928 3820 in·
969 3756 1076 3841 copula
1097 3754 1189 3821 solum
1209 3774 1378 3823 attentata.
1399 3763 1652 3842 emorrannum
1673 3759 1760 3827 Glos-

133 3839 221 3922 scio,
243 3839 273 3905 id
293 3841 401 3918 saciat3
421 3865 482 3927 erg.
504 3847 626 3924 einrep.
649 3845 682 3905 sn·
700 3842 927 3923 quei'uiumte,
969 3836 1000 3900 sa
1020 3839 1051 3900 iu
1072 3854 1131 3921 cap.
1152 3839 1186 3900 sn·
1224 3841 1269 3901 nis
1290 3837 1320 3901 8.
1342 3844 1447 3918 daeo,
1466 3845 1518 3923 qni
1533 3840 1624 3905 ‘dean
1643 3845 1673 3904 in
1693 3845 1764 3904 Mc·

132 3921 201 3987 ibi:
226 3921 293 4000 Nifi
303 3925 377 4003 forre
395 3929 462 4000 uir,
482 3942 532 3988 eut
552 3924 675 3997 mulier,-
698 3923 738 3987 Θ
758 3922 931 4004 murensi·
959 3920 1133 3983 'trimontium
1153 3861 1232 3980 verz.
1262 3923 1425 4003 Cognovit,
1455 3921 1561 3995 Jninn.
1590 3923 1684 3984 Andr.
1715 3922 1758 3986 ib.

131 4001 309 4088 gnisseaellir,
330 4005 391 4070 ibi:
414 4005 483 4084 Niss
497 4007 677 4070 altereorum
696 4009 851 4067 inmorrem
866 4003 929 4098 fter·
959 4017 1089 4077 numu.
1113 3997 1230 4063 Abbate
1250 3997 1292 4063 ib.
1312 4026 1388 4066 nune.
1400 4005 1429 4066 6.
1451 4002 1575 4067 Barbula
1592 4001 1632 4065 ib.
1641 4024 1760 4081 num.

133 4084 379 4150 ritmachinaetor.
403 4087 498 4151 ll.uti
521 4106 641 4151 morter
651 4082 703 4147 tali
715 4083 931 4148 machinatione
970 4081 1012 4144 Et
1034 4079 1184 4155 ratioet,
1205 4079 1355 4162 quianon
1376 4082 1603 4158 obesiconatus,
1626 4080 1760 4157 ubiinju·

69 4155 81 4182 Χ
136 4165 280 4242 realiter,
301 4168 334 4230 dt
354 4167 384 4229 iu
404 4166 506 4232 effectu
526 4166 676 4249 sequatur.
698 4164 861 4254 Nunenim
876 4161 929 4225 suf·
971 4162 1015 4225 ria
1033 4181 1092 4227 non
1113 4159 1214 4224 habuit
1235 4159 1389 4228 effeiium:
1417 4186 1478 4250 arg.
1508 4180 1570 4246 cap.
1598 4161 1760 4244 Adolescens

138 4244 204 4309 ficit
226 4245 287 4310 sola
306 4247 506 4325 machinatio,
528 4249 549 4310 h
570 4267 669 4316 revera
702 4266 780 4311 mors
810 4265 867 4340 non
890 4242 928 4340 se·
971 4264 1022 4326 3²·
1040 4239 1075 4303 de
1088 4238 1280 4336 sponsalibus.
1604 4287 1607 4300 .
1788 4291 1793 4300 .

137 4341 269 4406 quatur.
290 4332 472 4406 emmonis,
493 4350 552 4414 erg.
573 4331 625 4390 cir.
659 4344 719 4412 cap.
738 4330 771 4389 si
800 4348 862 4423 qun
881 4349 928 4388 nr·
1010 4323 1188 4419 Adulterium
1202 4323 1294 4418 solum
1313 4346 1376 4387 cum
1394 4325 1455 4422 fiio
1483 4328 1665 4390 Matrimonio
1695 4348 1754 4387 con·
1776 4318 1816 4380 86

135 4406 928 4569 renitiminicamillam:
970 4403 1537 4553 :tt-“..zltrrltltll‘un
1553 4404 1759 4548 urii.
1778 4445 1805 4484 ·
1888 4545 1892 4555 ,

1241 4566 1265 4632 it
1285 4575 1336 4651 pei
1356 4567 1445 4633 rerba
1464 4568 1499 4632 de
1527 4564 1676 4652 prasenti,
1706 4561 1758 4628 vel

138 4586 205 4636 rem
226 4571 358 4656 conjugit
387 4569 549 4639 innocentis
578 4563 629 4635 fiat
659 4569 697 4637 ab
726 4568 865 4635 alterutro
894 4588 930 4634 eo
969 4564 1100 4649 udulteru
1118 4579 1187 4634 cont
1307 4645 1335 4712 c
1663 4644 1712 4709 d!
1764 4652 1769 4659 ,

211 4687 237 4711 ,ι
1339 4668 1366 4728 „0
1388 4668 1427 4735 ‚4
1645 4667 1728 4711 ²¹¹·
