3959 5259
422 198 678 301 onnam,
707 196 791 280 ur
824 197 929 281 usn
960 192 1173 283 nonunt
1205 200 1335 286 ont:
1518 214 1601 318 353·

67 320 133 386 herti
153 317 298 385 laudatus.
321 311 374 378 Sed
397 334 492 375 annon
514 309 675 375 Moliniani
697 307 747 391 ipsi
767 324 832 391 pro·
875 326 982 371 natura
1004 327 1128 387 morou,
1159 313 1188 374 dr
1219 314 1308 397 fiqui
1329 313 1385 379 stur
1404 314 1510 393 adius,
1546 321 1597 400 qui
1619 320 1656 399 ad

66 420 177 484 ›ugnant
196 394 319 479 gratiam
344 392 515 467 relativam,
538 406 736 473 comparatam
768 410 828 452 ma·
876 390 968 454 Deum
1001 412 1059 452 nun
1096 389 1250 456 reserantur
1283 398 1366 467 juxta
1399 400 1654 480 Augussioianos,

71 485 127 545 itiae
144 477 298 562 gradibus,
327 495 446 558 quaque
469 471 592 556 respesiu
614 470 763 553 Syriarum
794 470 833 534 est
874 492 932 534 nun
955 470 1019 535 sunt
1042 471 1139 546 mali,
1171 493 1204 536 ac
1225 473 1342 537 lethalia
1364 495 1481 558 peccata
1503 524 1512 555 ,
1533 490 1600 561 qum
1617 482 1656 544 ab

66 562 150 627 efficax
181 556 226 621 seu
246 556 379 630 visitis,
410 558 441 617 δι
464 552 588 636 tespesiu
609 550 832 614 Corozaitarum
875 549 978 615 infesta
1007 552 1177 616 dominante
1206 554 1364 637 cupiditate
1395 558 1579 637 inficiantur,
1609 560 1656 625 sed

68 638 181 704 neffiraa
201 639 239 701 esl
257 646 269 697 ἓ
290 635 445 718 Numquid
468 636 526 698 baec
547 655 564 697 a
584 629 761 704 Jansenia'nis
782 630 835 693 dis·
874 630 946 694 mali
973 651 1089 696 tantum
1121 634 1178 695 dici
1210 635 1321 715 possunt
1341 635 1380 699 oh
1401 637 1540 702 desedlum
1575 641 1658 706 redlae

66 720 107 784 'ert
128 767 135 797 ,
153 718 222 801 quia
238 720 396 861 ¹qratiam,
418 737 477 778 non
499 734 568 778 vero
590 711 832 795 inspirationem,
874 711 1093 786 ordinationis,
1126 735 1160 777 ac
1180 713 1238 778 sete
1260 715 1369 798 semper
1397 720 1483 802 culpa
1503 720 1622 785 venialis
1644 734 1656 798 ,⁸

67 822 151 864 umen
171 800 235 862 caele
259 818 292 876 e,
315 798 439 861 sandiam
461 793 679 859 delectationem
701 792 832 858 vocanti
873 814 906 855 ac
928 792 1069 858 levissuma
1091 791 1173 857 sunt.
1198 796 1321 858 Rursum
1344 797 1478 878 gehenna
1499 818 1609 866 metum
1625 803 1656 865 in

66 883 101 943 ht
121 879 166 943 hic
186 900 245 944 non
266 881 304 942 ess
325 879 360 941 de
390 877 517 940 nominis
537 859 730 957 appellatione
764 895 832 936 con·
874 874 1034 954 poenitente
1056 875 1191 949 bonum,
1215 894 1249 937 ac
1270 874 1422 940 salutarem
1443 877 1594 957 fatentur,
1625 884 1657 946 da

66 961 164 1025 eurio.
187 961 290 1039 Itaque
311 979 377 1022 cum
399 959 456 1029 jam
479 956 646 1030 strnotum,
668 952 831 1024 lansenium
873 954 1040 1018 Novatores
1071 954 1124 1017 hac
1154 955 1185 1015 in
1219 973 1249 1019 re
1270 956 1442 1021 validisstme
1475 959 1654 1037 confutant,

66 1041 208 1104 :xtinslum
229 1039 344 1102 asserere
361 1037 514 1100 arbitrium
534 1052 743 1174 perpeccatum
754 1035 831 1099 Ada·
873 1033 941 1097 licet
973 1036 1090 1098 asserant
1121 1036 1171 1099 esse
1193 1051 1328 1118 praterea
1358 1040 1393 1101 ad
1426 1040 1658 1112 juslihcarionern

66 1121 125 1195 ni,
153 1122 210 1191 jam
271 1136 314 1184 tet
334 1116 551 1181 fundamentum
595 1115 740 1197 yllematis
765 1138 771 1177 ε
793 1136 827 1178 ac
868 1115 1054 1179 obtinendam
1086 1115 1266 1180 necessariam
1302 1118 1445 1181 initialem
1480 1121 1655 1187 charitatem

66 1199 198 1264 leleslatio
228 1200 279 1262 ila
299 1198 403 1263 vislrir
433 1198 463 1258 in
483 1193 616 1268 lansenio
646 1217 705 1261 non
736 1196 827 1278 potest
867 1216 951 1336 qua,
973 1196 1004 1259 δι
1025 1196 1119 1261 Deum
1140 1196 1285 1280 poenitens
1303 1197 1422 1280 diligere
1444 1199 1594 1283 incipiat,
1625 1205 1657 1267 δι

67 1283 233 1358 ibertarem,
254 1299 317 1361 qua
337 1299 394 1342 non
416 1278 471 1351 esi,
495 1276 613 1349 tollere,
635 1274 680 1340 sed
694 1293 827 1339 naturam
881 1299 896 1339 e
918 1273 944 1339 se
965 1298 983 1339 a
1002 1295 1131 1342 creatura
1151 1297 1299 1351 averrere,
1322 1296 1410 1362 atque
1431 1298 1599 1345 convertere
1619 1283 1658 1344 ad

66 1362 196 1427 iecessarie
232 1376 399 1444 operantem
430 1354 541 1420 flectere
569 1355 682 1429 debet;
722 1371 754 1421 ut
792 1356 828 1419 ab
872 1357 1071 1421 Creatorem.
1107 1362 1190 1421 Hanc
1211 1359 1379 1440 opinionem
1410 1360 1526 1423 censura
1558 1364 1657 1425 notari

65 1444 116 1508 tiis
154 1462 223 1507 veto
262 1437 422 1522 usutpata',
461 1439 572 1511 juvat,
608 1434 715 1512 sovet,
748 1434 831 1518 perfi-
873 1437 947 1516 posse
969 1436 1065 1502 vetuit
1089 1438 1371 1520 ApostolicaSedes,
1395 1459 1427 1503 ut
1448 1443 1544 1505 videte
1565 1444 1603 1505 esl
1625 1445 1658 1506 irt

69 1525 148 1605 itque
167 1522 358 1596 libertatem,
393 1534 426 1583 ut
447 1516 505 1580 alia
523 1530 711 1600 quacumque
732 1513 831 1580 efficax
871 1515 901 1577 su
941 1517 1015 1579 tiore
1047 1518 1235 1660 appendice.
1271 1520 1361 1582 Vides
1382 1542 1451 1602 ergo
1479 1544 1567 1602 quarn
1599 1522 1660 1588 late

65 1605 169 1687 gratia.
663 1604 667 1610 ’
873 1594 901 1656 di
925 1597 1082 1661 entCatho
1096 1600 1205 1662 icorum
1229 1599 1381 1682 opiniones
1401 1623 1419 1663 a
1436 1604 1580 1666 damnatis
1599 1602 1657 1669 sen-

93 1683 231 1748 Disstdent
274 1699 388 1749 raterea
405 1682 435 1743 T
478 1681 583 1754 mista,
607 1677 831 1774 Augustiniani,
874 1676 998 1740 tentiis.
1417 1714 1420 1719 <
1488 1696 1491 1703 ·

65 1765 159 1846 diique
178 1765 215 1828 ab
236 1705 295 1828 illis
315 1764 460 1828 Novatori
483 1784 534 1825 us:
569 1760 646 1834 Quia
668 1760 711 1820 tsli
732 1776 832 1841 praeter
913 1756 967 1818 Sed
989 1778 1077 1819 unum
1099 1760 1190 1824 adhuc
1212 1762 1387 1827 monendum
1409 1762 1527 1847 superest
1549 1811 1558 1841 ,
1582 1764 1658 1828 scili-

65 1846 250 1912 luminantem
280 1844 478 1915 charitatem,
509 1840 618 1903 nullam
648 1839 735 1900 aliam
769 1856 831 1918 gra·
871 1854 944 1913 cer,
966 1841 1108 1903 notandos
1129 1862 1188 1904 nun
1209 1844 1262 1908 esse
1282 1843 1483 1920 Catholicos,
1526 1846 1555 1907 ui
1578 1844 1657 1911 salva

68 1929 126 1990 iam
158 1924 342 2003 agnoscunt,
376 1940 408 1981 ac
442 1918 627 1981 sufficientem
662 1919 831 1979 damnant.
873 1917 973 1991 Fide,
1007 1940 1064 2000 qua
1085 1922 1226 1986 credimus
1256 1923 1407 1988 hominem
1443 1866 1584 1997 jussibcati
1605 1947 1658 2009 per

65 2010 163 2068 {ontra
184 2021 253 2064 veto
273 2000 430 2062 Thomisla
450 1990 638 2062 sufficientem
659 1998 833 2072 adstruunt,
871 1998 997 2139 pratiam
1019 1999 1110 2064 eidem
1133 2002 1317 2066 inhaerentem
1341 2048 1350 2078 ,
1372 2004 1496 2086 gratiam
1519 2008 1544 2069 ei
1566 2005 1657 2069 neces·

65 2105 112 2165 tua
143 2102 210 2146 vere
238 2079 400 2163 potentiam
433 2078 572 2162 perficit,
604 2101 638 2142 ac
667 2080 717 2141 dat
755 2076 830 2162 posse
883 2079 974 2142 ariam
995 2080 1047 2144 esse
1067 2082 1103 2144 ad
1123 2082 1193 2146 bene
1214 2084 1354 2164 agendum
1375 2086 1464 2147 etiarn
1484 2088 1520 2148 ad
1539 2086 1657 2149 initium

65 2163 193 2247 sperati,
223 2179 310 2241 atque
331 2159 404 2223 hanc
425 2162 460 2223 ab
481 2159 587 2224 efficaci
609 2158 749 2224 diversam
778 2159 830 2221 sla·
875 2160 977 2235 Fidei,
1000 2182 1119 2245 eamque
1142 2162 1177 2225 iis
1197 2163 1319 2228 conserti
1340 2165 1497 2239 omnibus,
1520 2187 1593 2247 quos
1615 2165 1630 2226 s
1647 2206 1657 2217 -

65 2262 170 2319 uuor,
203 2243 417 2383 concessamque
438 2240 560 2305 asserunt
581 2264 639 2305 non
662 2240 834 2323 praedestina·
877 2261 930 2324 pta
950 2241 1099 2316 diximus,
1130 2260 1215 2324 atque
1244 2243 1317 2307 hanc
1347 2243 1459 2306 arbitrii
1495 2244 1659 2310 libertatem

65 2326 91 2389 is
101 2341 235 2398 tantum,
258 2320 368 2386 sedCat
390 2320 491 2395 olicis,
514 2321 683 2397 Hareticis,
706 2322 836 2383 acetiam
877 2327 993 2397 juvate,
1016 2323 1046 2383 dr
1068 2323 1225 2398 roborare,
1249 2346 1307 2387 oon
1328 2322 1471 2396 adimete3
1505 2324 1617 2390 diverso
1637 2348 1658 2388 a

68 2403 245 2478 nfidelihus,
276 2402 343 2466 licet
374 2401 505 2466 nonnulli
534 2424 636 2467 eorum
671 2423 754 2464 cunt-
771 2401 835 2464 aliis
877 2420 992 2484 recepto
1023 2403 1051 2463 in
1072 2402 1184 2466 Scholia
1206 2402 1294 2467 modo
1324 2403 1578 2486 supernaturalium
1609 2407 1662 2469 do-

64 2483 218 2551 3atholicis
252 2480 402 2557 sentiant,
433 2504 492 2547 non
512 2482 574 2545 dari
596 2483 725 2566 parvulis
755 2483 834 2547 dece·
876 2503 1009 2555 norum,
1045 2482 1075 2543 δι
1105 2484 1202 2576 gratia
1225 2483 1370 2547 interioris
1401 2503 1534 2549 naturam
1569 2486 1661 2569 expli·

64 2566 186 2630 lentibus
207 2564 236 2627 in
258 2582 339 2629 utero
361 2564 470 2625 Matris
490 2584 522 2624 ac
544 2563 693 2626 obseratis
713 2562 835 2626 nonnul·
877 2577 969 2625 cent.
1003 2563 1083 2624 Nam
1116 2562 1143 2623 td
1167 2561 1334 2646 Philosophi
1365 2566 1462 2647 potius
1483 2588 1587 2630 munus
1621 2567 1661 2630 est

64 2649 89 2711 is
141 2645 347 2715 creatoribus,
380 2644 410 2706 δι
431 2641 624 2706 infidelibus.
659 2644 726 2718 Qua
756 2643 785 2703 in
807 2661 836 2704 re
878 2641 997 2704 modum
1019 2641 1209 2717 declarantis,
1231 2664 1291 2725 quo
1312 2644 1438 2709 artiones
1459 2646 1658 2721 ooslraesiant,

64 2750 84 2793 o
116 2727 261 2791 enrientes
289 2742 405 2805 quoque
434 2722 541 2787 babent
576 2722 831 2805 Augustinianos,
875 2721 1044 2804 habitusque
1075 2723 1104 2784 in
1136 2724 1233 2789 anima
1267 2724 1359 2802 infit,
1389 2746 1477 2808 quam
1510 2725 1659 2790 Theoloi

64 2810 100 2889 gui
122 2806 245 2891 gratiam
267 2801 454 2868 sufficientem
476 2847 485 2879 ,
509 2802 651 2887 *usurpata
672 2802 708 2865 ab
732 2805 834 2884 Augu·
875 2803 1084 2869 revelationem
1106 2804 1189 2870 unice
1211 2805 1425 2887 proponentis,
1457 2822 1543 2887 atque
1562 2749 1660 2869 causb-

64 2892 124 2953 liuo
154 2887 275 2971 phrast,
310 2885 400 2947 etiam
422 2903 542 2967 parvam
574 2904 676 2949 vocate
712 2880 833 2954 solent,
875 2883 1007 2948 curiones
1035 2908 1069 2949 ex
1100 2907 1133 2949 ea
1164 2885 1346 2949 deducentis.
1369 2887 1444 2959 Quis
1464 2908 1532 2967 ergo
1566 2908 1660 2968 repte-

64 2972 129 3063 quod
149 2964 388 3050 concupiscentia
407 2980 528 3026 conatus
548 2985 606 3027 oon
627 2964 747 3025 vineat:
771 2959 834 3018 Dis·
877 2963 981 3026 hendat
1004 2964 1089 3037 illos’,
1110 2966 1162 3044 qui
1183 2963 1350 3027 sanslificari
1371 2966 1499 3026 animam
1521 2986 1572 3048 per
1592 2967 1660 3028 cha·

63 3066 148 3114 erunt
170 3067 240 3111 vero
269 3046 315 3106 isli
335 3066 353 3105 a
370 3043 560 3114 Themidis,
590 3041 661 3121 quia
681 3040 736 3101 sine
757 3058 836 3101 novo
879 3042 995 3104 ritatem
1028 3043 1175 3117 asserant,
1206 3042 1429 3107 &charitatem
1451 3045 1502 3105 esse
1536 3044 1581 3108 vel
1608 3046 1662 3107 Dei

64 3127 165 3191 rutilio
195 3125 270 3183 hanc
292 3121 359 3182 satis
379 3121 431 3183 esse
459 3122 541 3192 ajunt
560 3122 595 3181 ad
616 3119 784 3191 orandum,
817 3118 837 3180 st
878 3122 908 3183 in
930 3123 1014 3184 nobis
1035 3139 1252 3204 permanentem
1276 3122 1440 3199 aslionem',
1477 3123 1522 3189 vel
1545 3123 1663 3208 inspira·

64 3224 144 3270 tomo
167 3201 259 3275 velit,
282 3217 316 3262 ut
335 3200 461 3281 gratiam
483 3199 641 3264 uberiorem
664 3202 699 3262 ad
721 3199 836 3264 vincen·
879 3219 939 3263 tam
961 3202 1103 3265 divinitus
1124 3203 1328 3279 dilesliouem,
1364 3226 1427 3285 qua
1448 3222 1580 3267 naturam
1603 3206 1661 3269 ele·

64 3287 118 3350 lum
141 3300 243 3365 aptam
265 3278 415 3343 obtineat.
876 3297 953 3354 vet,
986 3280 1129 3344 elevatam
1152 3281 1187 3341 ad
1211 3282 1303 3344 Deum
1327 3283 1481 3344 amandum
1504 3327 1513 3357 ,
1549 3283 1663 3364 ejusque

90 3364 187 3428 Aliud
208 3362 248 3427 est
257 3359 473 3441 Augustiniana
489 3358 736 3442 dodrinaecaput,
759 3356 838 3440 quod
877 3379 1008 3423 amorem
1030 3359 1190 3441 augendum
1213 3360 1356 3437 inclinet,
1377 3363 1550 3443 adjuvatque
1569 3364 1662 3428 etiam

64 3467 117 3510 um
149 3441 297 3507 damnatis
325 3439 467 3505 erroribus
495 3438 585 3520 aliqui
609 3438 739 3524 imperiti
769 3459 836 3500 con·
878 3458 911 3505 ut
932 3460 998 3504 vere
1019 3440 1083 3503 artu
1111 3438 1251 3567 dilipator
1273 3442 1375 3516 Deus,
1409 3442 1454 3506 vel
1479 3442 1532 3504 Dei
1562 3464 1662 3510 amore

64 3525 212 3601 unduut,
263 3519 319 3587 uod
349 3520 455 3585 scilicet
485 3520 506 3581 ii
527 3520 649 3584 doceant
685 3518 837 3583 bominem
877 3520 1035 3603 quidquam
1057 3538 1172 3602 agatur,
1199 3523 1228 3583 Si
1250 3523 1307 3585 hec
1329 3521 1659 3600 salvalibertatefiaot,

64 3605 142 3674 eueri
165 3606 202 3669 ad
224 3545 347 3668 adimes
376 3600 436 3666 suas
456 3601 596 3666 humanas
625 3602 655 3663 in
677 3599 772 3662 Deum
795 3599 837 3662 ul·
878 3600 946 3682 quid
968 3603 1025 3676 esl,
1045 3602 1124 3682 quod
1144 3601 1274 3663 damnari
1297 3602 1400 3684 possut,
1423 3601 1576 3684 prasertim
1592 3626 1661 3667 cum

63 3690 160 3753 imum
184 3685 271 3750 finem
294 3683 474 3766 dirigendas,
506 3704 559 3747 nec
580 3682 655 3765 posse
675 3701 721 3744 eas
742 3679 784 3742 ita
805 3679 835 3741 in
877 3681 939 3744 alia
959 3680 1048 3745 etiam
1070 3680 1226 3744 divina-in
1248 3682 1367 3745 homine
1398 3685 1496 3762 gratia
1515 3685 1662 3766 operatio·

64 3770 149 3834 >eum
180 3765 281 3832 teserre
302 3763 357 3827 fine
377 3766 499 3843 gratia.
531 3766 575 3826 At
595 3785 613 3825 a
632 3759 837 3836 Jansenianis,
878 3785 952 3834 nes,
983 3764 1067 3834 jutta
1096 3758 1244 3824 delinitam
1275 3763 1311 3824 ab
1345 3762 1472 3826 Ecclefia
1500 3763 1663 3827 dominam

64 3846 225 3930 lajanisque
244 3847 304 3910 bac
323 3843 424 3928 opinio
445 3844 532 3923 longe
551 3843 663 3909 diversa
682 3843 746 3916 esi,
769 3861 836 3903 cum
878 3840 1086 3925 explicentur?
1117 3841 1195 3903 Dum
1225 3841 1369 3905 necessrtas
1396 3845 1493 3924 gratia
1536 3842 1663 3909 salvatur

64 3928 261 4012 lugollimani
291 3923 417 3999 dicant,
445 3941 562 3989 tantum
591 3924 640 3990 vel
661 3922 755 3998 aun,
790 3920 836 3984 vel
878 3922 913 3985 ad
935 3921 1053 3985 initium
1076 3921 1184 3996 Fidei,
1207 3923 1242 3985 ad
1265 3920 1467 4000 sanslitatem,
1490 3924 1525 3986 ad
1547 3926 1661 3988 creden-

64 4014 164 4075 *irtute
185 4010 216 4071 in
239 4009 334 4071 Deum
356 4005 539 4076 referendam
569 4027 635 4069 cum
664 4004 839 4077 adstruant,
880 4005 978 4078 dum,
1011 4001 1207 4086 sperandum,
1243 4004 1440 4099 agendumque
1460 4021 1492 4069 ut
1513 4022 1660 4087 oportet,

64 4093 156 4156 rraeslo
178 4089 231 4155 esse
252 4086 433 4162 infidelibus,
453 4087 485 4149 ἃ
505 4084 705 4169 peccatoribus
723 4083 836 4157 etiam,
880 4084 997 4146 libertas
1027 4104 1169 4146 unacum
1220 4102 1293 4147 tarta
1313 4103 1478 4165 operante,
1508 4089 1539 4149 a
1560 4087 1662 4168 mysle·

64 4174 155 4236 'altem
179 4191 239 4236 nou
259 4167 430 4242 obcaecatis,
450 4169 597 4249 gratiam,
618 4187 677 4250 qua
697 4162 839 4226 itaasiio·
882 4164 958 4227 riom
993 4162 1022 4223 in
1052 4162 1195 4226 concilian
1284 4166 1357 4228 ratia
1377 4187 1442 4228 cum
1464 4165 1554 4229 libero
1588 4168 1663 4227 arbi·

64 4274 105 4316 tes
125 4253 255 4334 dirigant
276 4250 357 4321 suas;
377 4268 443 4311 cum
465 4246 627 4324 fateantur,
648 4266 706 4308 non
729 4245 771 4307 ita
789 4243 841 4306 esse
882 4245 959 4322 trio,
982 4242 1059 4309 salva
1079 4243 1183 4324 Fides,
1206 4265 1238 4309 ac
1260 4188 1389 4310 ἓιιΙιΐικ
1409 4245 1540 4309 ἀοέἱιίιιιι
1559 4247 1621 4309 esl.

64 4352 186 4397 nentem
218 4331 255 4394 ab
283 4328 420 4411 originali
449 4330 535 4409 culpa
563 4329 777 4409 depravatam,
807 4341 841 4387 ut

64 4428 158 4477 notos
189 4412 301 4495 aliquos
330 4414 422 4477 bonos
455 4429 560 4473 natura
581 4407 629 4471 sua
648 4408 749 4469 habere
783 4424 842 4466 non

64 4492 144 4558 ›otsn
166 4537 176 4567 ,
198 4514 231 4555 ac
251 4515 311 4557 non
331 4493 435 4557 habeat
458 4536 467 4567 ,
490 4492 522 4554 dt
542 4506 575 4552 ur
595 4489 690 4569 gratia
710 4485 843 4550 desliruta

64 4572 211 4638 iecessarie
239 4574 275 4635 ad
294 4574 467 4658 peccandum
491 4570 642 4635 trahatur.
677 4567 757 4628 Nam
779 4566 844 4627 bea·

64 4654 194 4723 itudinis
215 4673 322 4736 amor,
353 4656 406 4738 qui
425 4653 456 4719 io
477 4668 579 4723 amora
594 4650 662 4728 ¹esl,
694 4648 786 4713 bonna
805 4644 845 4711 est
