3959 5259
319 115 658 218 IMMUNITAS
694 124 1161 239 ecmrsrnsrrcn,
1189 131 1261 215 &a
1290 118 1413 216 ure.
1442 125 1518 215 iu.
1632 135 1715 245 387
1843 186 1845 189 .

140 246 241 316 suendi
263 246 443 319 intimetur,
477 243 524 309 vel
547 246 713 326 quodillos
733 243 860 328 propriis
879 245 936 309 Su·
971 241 1215 312 siiss.‚Dominus
1235 243 1342 307 Noster
1361 241 1412 326 sup
1434 243 1518 308 licem
1541 241 1688 310 Libellum
1721 269 1763 312 re·

137 332 300 417 perioribus
329 327 473 400 tradant,
503 340 638 388 neutrum
668 326 794 392 obtineri
828 324 899 389 folet
918 333 948 403 ,ἱ
971 325 1072 401 misit,
1103 340 1217 389 attenta
1237 322 1377 387 relatione
1427 324 1627 389 minensifsimi
1658 328 1764 390 Firrao

136 413 326 498 protestantes
345 407 470 473 aliomm
492 406 637 468 Ordinum
661 454 670 484 ,
691 408 740 474 vel
763 408 926 489 Congrega-
968 404 1079 548 p'raesaii
1113 404 1235 469 Ordinis
1262 404 1341 488 apud
1371 405 1504 468 Sassiam
1522 405 1624 472 Sedent
1660 409 1762 472 Prote·

136 496 283 571 tionum,
305 507 366 556 'aut
388 488 588 551 institutorum
611 489 754 565 Prolati,
786 489 836 553 ubi
857 487 926 551 dieii
997 487 1057 551 oris
1076 532 1084 564 ,
1106 508 1136 551 re
1158 503 1271 550 mature
1291 485 1606 569 perpensa,¹decrevit
1629 490 1706 565 ,Ἃρ
1746 522 1759 537 .

131 573 277 657 Religiosi
297 569 497 651 confugiunt,
529 567 641 633 eosdem
664 571 805 653 gauderes
816 571 923 633 immu-
938 566 1039 633 &lares
1059 569 1144 633 unius
1164 566 1357 649 Religionis,
1380 566 1578 648 confugientes
1598 571 1636 634 ad
1657 571 1758 634 Ecce·

129 654 229 718 nitate
250 655 373 737 refugii„
396 653 427 714 δι
447 648 653 731 consequenter
671 675 690 717 a
709 652 829 737 proprio
849 651 922 713 Pro·
958 649 1034 740 sias,
1058 651 1088 712 ἃ
1109 647 1290 713 Monalieria
1309 647 1428 712 alterius
1448 647 1638 730 Religionis,
1669 653 1758 735 Supe-

128 735 198 798 lato
219 758 278 800 non
299 735 377 819 posse
396 729 527 806 extrahi,
550 733 683 813 requiri,
719 750 770 799 aut
792 731 922 796 notifica
963 731 1088 796 rioribus
1121 727 1244 814 propria
1266 728 1442 826 >Religionis
1471 731 1579 795 restitui
1608 730 1708 795 debere
1740 751 1760 794 a

128 818 189 892 ῐὶ,
212 834 316 901 utpote
337 817 367 877 in
387 812 485 875 aliene
505 811 654 878 territorio
676 816 851 889 exilientes,
873 835 921 898 ne·
947 811 1092 875 ePraelatis
1123 812 1240 875 alterius
1260 807 1452 906 Religionis,
1483 812 1519 873 ad
1551 831 1676 894 quornm
1699 813 1759 874 Ec-

130 917 189 974 que
211 899 377 981 Superiores
405 892 532 955 aliomm
553 894 698 959 Ordinum
721 894 921 978 pradisiorunr
962 894 1088 968 elesius,
1120 895 1151 956 δι
1182 892 1362 960 Monafleria
1390 889 1595 976 confugiunt,
1628 893 1757 990 prestito

130 979 236 1042 debere
256 979 348 1041 dirior
367 972 531 1054 Religiofos
550 974 748 1058 confugientes
781 976 920 1040 tradere:
961 991 1060 1038 tamen
1091 972 1129 1036 ab
1156 971 1256 1038 iisdem
1288 971 1486 1056 Superioribus
1524 972 1759 1057 confugientium

131 1060 164 1122 ἃ
187 1060 216 1121 in
239 1061 337 1124 eadem
359 1055 535 1140 expolitione
556 1055 704 1130 subjunslo
722 1103 731 1135 ,
752 1056 831 1139 quod
851 1054 920 1119 dile·
960 1054 1165 1140 hismento,
1199 1054 1229 1115 ἃ
1259 1050 1334 1116 fasir
1354 1052 1537 1136 obligatione
1563 1055 1599 1118 de
1620 1055 1758 1121 servanda

131 1139 196 1204 sius
215 1141 305 1204 etiam
338 1135 414 1201 lilius
436 1138 589 1198 modernus
612 1137 694 1202 Prior
727 1135 921 1204 Prouincialis
962 1135 1149 1218 'enmusitare
1179 1134 1402 1212 Ecclesiastica,
1442 1135 1474 1197 &
1517 1136 1554 1201 de
1583 1137 1757 1202 restituendo

130 1222 329 1298 Provincia,
365 1220 397 1282 dt
416 1215 537 1279 Ordinis
579 1218 757 1282 indiciorum
779 1220 810 1281 in
831 1237 920 1299 angu-
963 1215 1160 1299 confugientes
1180 1214 1313 1299 praefatos
1343 1213 1754 1293 Ecclefiis,;ve1Monasie·

128 1300 199 1365 slias
271 1304 338 1365 stus
357 1302 393 1364 ad
415 1235 619 1362 venerabilem
644 1301 776 1364 Fratrem
808 1302 920 1384 moder·
963 1298 1034 1374 riis,
1056 1298 1094 1361 ad
1113 1317 1176 1379 quae
1196 1295 1407 1378 confugerunt,
1427 1295 1493 1361 cafu
1513 1317 1574 1379 quo
1594 1302 1753 1382 proceden-

128 1402 202 1445 num
259 1380 488 1465 rehiepifcopum
510 1379 700 1445 Mericanum
729 1380 807 1445 illius
828 1382 924 1464 Regni
963 1380 1033 1522 Ἄπη
1055 1379 1089 1443 sit
1109 1379 1147 1475 'i
1165 1398 1266 1461 ponas
1286 1376 1475 1473 corporales,
1511 1379 1633 1444 carceris
1650 1400 1756 1527 ἓῗὲῖ

128 1463 289 1547 Proregem
310 1461 453 1528 recursum
475 1458 578 1525 habere
598 1462 714 1526 coaslus
734 1460 854 1537 fuerat,
889 1479 923 1526 ut
1049 1477 1171 1538 morire,
1194 1459 1224 1521 δι
1246 1457 1429 1533 triremium,
1474 1477 1573 1544 ropter
1592 1460 1649 1525 deli

125 1544 158 1608 ei
179 1545 324 1611 auxilium
345 1544 456 1627 regium
478 1541 708 1625 impertiretur,
756 1565 794 1607 uo
814 1542 920 1627 disper·
961 1501 1029 1601 ins
1056 1539 1289 1626 confugientibus
1317 1540 1430 1603 commi
1450 1555 1492 1614 a;
1526 1540 1604 1606 secus
1625 1543 1680 1618 ,si
1700 1543 1753 1628 ipsi

126 1624 194 1690 sum
228 1647 342 1710 gregem
372 1625 409 1687 ad
429 1621 518 1690 Ovile
548 1624 658 1707 pmprii
690 1563 811 1687 Orsinis
840 1626 919 1689 redu
961 1558 999 1682 sii
1038 1620 1127 1686 riores
1147 1620 1298 1704 procedere
1318 1620 1454 1685 deberent
1484 1621 1522 1683 ad
1540 1642 1642 1705 ptenas
1670 1625 1751 1688 ordi·

126 1728 223 1784 cere,
246 1710 278 1774 δι
298 1708 354 1771 hoc
374 1720 490 1770 tantum
513 1705 610 1768 medio
631 1705 728 1769 relatis
747 1706 919 1790 prejudiciis
943 1639 1082 1794 gregis,
1112 1702 1144 1765 δι
1170 1701 1207 1763 ad
1237 1701 1444 1767 correslionem
1484 1702 1675 1785 Regularem
1696 1722 1752 1791 per

104 1789 280 1854 “occurrere
300 1789 412 1873 posci.
442 1786 519 1849 Cum
549 1803 648 1849 aurem
671 1785 795 1852 minime
830 1785 917 1850 latent
957 1767 1189 1847 Cbrlbirutiones
1209 1782 1333 1850 Ordinis
1358 1781 1565 1881 prescriptis,
1595 1789 1677 1861 cuius
1706 1787 1751 1849 rei

124 1869 211 1953 quod
231 1871 252 1933 si
271 1869 330 1933 brec
350 1889 436 1942 ianua
446 1864 551 1948 Asyli,
573 1883 625 1929 aur
646 1866 747 1949 refugii
765 1866 918 1946 Religio&
957 1862 1114 1927 declaratio
1144 1865 1188 1925 ed
1213 1857 1423 1930 deffinitorium
1455 1864 1636 1930 Provinciale
1653 1909 1669 1944 ,‹
1700 1870 1750 1933 vei

148 1967 257 2027 areat,
288 1949 416 2014 funditus
435 1946 587 2089 disciplina
607 1946 780 2041 Regularis,
814 1967 849 2010 ac
868 1949 916 2012 de·
999 1941 1102 2007 isslud
1122 1965 1181 2009 non
1266 1946 1317 2020 ii,
1339 1948 1375 2008 ad
1396 1945 1557 2011 Consilium
1577 1948 1751 2013 Conventus
1798 1951 1801 1958 ’

18 2057 19 2060 “
148 2033 192 2095 ita
212 2029 337 2125 propriis
357 2028 501 2113 Superiori
524 2049 556 2091 us
575 2027 740 2091 obedientia
759 2044 914 2103 corruant,
1080 2042 1122 2089 i.
1153 2024 1241 2101 Quod
1312 2028 1436 2091 couliito
1457 2028 1615 2107 Regulares
1645 2027 1748 2092 consu·

122 2129 240 2174 necnon
262 2132 309 2184 Jur
328 2110 388 2190 ia,
417 2107 615 2173 &discordia
644 2107 721 2171 inter
753 2109 792 2172 Su
829 2108 918 2174 riores
960 2108 1005 2170 'ie
1040 2101 1068 2170 is
1097 2125 1198 2189 poenas
1226 2105 1380 2171 doniisxai
1413 2107 1601 2183 ordinarias',
1633 2110 1664 2173 or
1696 2130 1749 2193 pet

121 2188 284 2275 respeslive
304 2133 452 2257 simitum
481 2210 548 2255 cum
571 2187 756 2254 Saecularium
797 2190 917 2256 candeio
957 2127 1191 2252 {costitutiones
1219 2186 1341 2266 Ordinis
1369 2187 1405 2250 ad
1434 2186 1640 2251 corresiionem
1677 2207 1746 2272 pre:

119 2270 318 2355 proculdubio
338 2271 506 2357 pullulent3
956 2265 1077 2350 scriptas
1097 2267 1254 2353 promereri
1277 2313 1286 2341 ,
1311 2267 1423 2332 Prolati
1444 2266 1563 2333 alterius
1584 2268 1747 2351 Religionis

164 2355 197 2432 §.
221 2375 249 2417 2.
272 2355 381 2434 Porro,
403 2369 437 2419 ut
458 2370 507 2420 tot
527 2352 613 2418 malis
632 2363 845 2420 occurreremus
864 2372 917 2439 per
955 2365 1077 2413 renuant
1105 2371 1154 2414 eos
1184 2349 1309 2434 propriis
1336 2348 1535 2432 Superioribus
1568 2348 1743 2425 restituere,

117 2433 193 2497 Nos
221 2434 359 2500 declarari
390 2435 573 2519 summopere
605 2434 805 2510 defiderabar,
858 2434 914 2499 uod
955 2429 1003 2493 vel
1033 2429 1085 2510 ipsi
1108 2433 1264 2512 Reg‘ulares
1295 2430 1330 2492 ad
1372 2429 1482 2514 roprias
1515 2427 1661 2512 religiosas
1683 2431 1745 2493 Do-

117 2514 209 2578 dietis
241 2515 393 2598 Religiosis
421 2517 458 2579 ad
479 2518 650 2580 Conventus
681 2513 805 2577 aliorum
859 2514 915 2578 rdi·
954 2529 1021 2572 nius
1042 2509 1133 2573 redire
1162 2509 1313 2587 recusent,
1344 2450 1430 2575 sacra
1458 2512 1556 2575 eadem
1578 2513 1745 2596 Congrege-

115 2615 195 2659 nuni
217 2639 227 2670 ,
248 2597 295 2660 vel
317 2596 615 2694 congregationum,
639 2592 686 2656 vel
709 2594 912 2657 institutorum
953 2590 1000 2653 tio
1021 2588 1157 2686 utrosque
1176 2590 1214 2652 ad
1235 2591 1320 2652 instar
1341 2592 1566 2674 Aposlaiarum,
1589 2592 1636 2656 vel
1659 2591 1744 2675 Apo·

112 2674 353 2759 confugientibus
386 2675 559 2742 immunitas
588 2671 723 2755 refugii,
755 2674 802 2738 seu
825 2672 912 2757 Asyli
949 2671 1039 2735 sistas
1068 2670 1305 2752 recipientium,
1346 2670 1376 2731 in
1405 2672 1742 2736 excommunicationem

111 2759 248 2834 mininie
276 2754 448 2841 sufsragetirr
465 2753 552 2833 ‚red
581 2775 600 2816 a
619 2754 739 2837 proprio
760 2755 911 2837 Superiore
952 2753 1074 2817 Summo
1095 2750 1232 2816 Pontifici
1261 2748 1433 2816 resciveram
1465 2750 1591 2816 incursus
1618 2754 1743 2832 declara·

111 2839 295 2915 iudicialiter
333 2860 367 2902 eir
399 2839 494 2903 alieno
531 2851 680 2898 conventu
720 2831 911 2915 unusquisque
951 2832 1017 2894 vit.
1037 2834 1143 2898 Roma
1167 2853 1194 2914 ς.
1215 2830 1391 2915 Septembris
1415 2834 1502 2911 1738.
1530 2832 1558 2903 J.
1580 2833 1772 2910 Cerdinalis·

112 2919 352 3016 confugientium
375 2914 539 3012 hujusmodi
561 2912 704 3009 extrahi,
734 2914 821 3008 &rad
842 2932 909 2999 pro·
952 2913 1086 3007 lfirrno.
1117 2913 1153 2976 C.
1176 2910 1420 2996 Arcbiepiscopus
1451 2911 1595 2975 Damiatae
1614 2914 1740 2978 Secreta·

110 2991 912 3173 sillitmbscuifimpquriiiilisllflsflinieefussdiiiiiioslis.
952 3012 1031 3138 nus..
1052 3096 1083 3153 4.
1113 3075 1190 3139 Cum
1220 3092 1347 3151 nutem,
1388 3075 1458 3140 sicut
1487 3052 1578 3147 dissue
1608 3074 1741 3157 ignatius
1837 3131 1838 3134 ,

109 3161 212 3237 Quod
242 3159 350 3222 fidissi
371 3157 518 3252 Religiosi·
540 3155 633 3221 adbuc
662 3154 778 3220 rebelles
807 3158 837 3218 in
858 3177 907 3241 pa·
949 3155 1125 3221 Pocurator
1145 3155 1243 3221 Nobis
1275 3155 1391 3221 subinde
1423 3161 1529 3242 erponi
1551 3149 1619 3220 fecit
1637 3165 1652 3231 ,'
1679 3155 1739 3240 ipse

108 3241 217 3322 tendo,
228 3239 357 3326 propriis
376 3238 575 3322 Superioribus
603 3235 640 3299 ad
669 3234 749 3300 suum
770 3238 908 3303 Conven-
947 3235 1094 3302 decretum
1124 3236 1318 3313 hujusmodi,
1346 3257 1408 3320 quo
1437 3234 1736 3308 firmimisubsislat.
1782 3267 1801 3316 s

108 3325 188 3389 turri
207 3321 320 3387 eosdem
343 3320 474 3385 redeundi
505 3317 670 3396 jubentibus
698 3317 904 3400 perseverent,
936 3315 979 3379 ’ἃ
1000 3315 1127 3383 servetur
1155 3318 1302 3393 eiaslius,
1341 3319 1518 3401 Apostolica
1537 3316 1737 3382 confirmatio·

108 3403 162 3469 vel
186 3403 259 3467 dios
273 3402 438 3487 Superiores
456 3422 505 3466 eos
524 3400 606 3465 tituli
636 3397 736 3481 refugii
766 3399 905 3483 recipien·
945 3398 991 3461 nis
1021 3400 1120 3463 nostra
1150 3398 1315 3482 patmcinio
1355 3399 1533 3464 communiri
1573 3397 1736 3481 plurimum
1821 3447 1824 3456 ι

107 3500 181 3560 res,
217 3486 249 3550 dc
268 3483 409 3549 ancilium
432 3482 589 3565 preliantes
620 3479 744 3564 propriis
774 3482 907 3624 Superio·
946 3480 1068 3564 cupiat;

106 3569 196 3632 ribus
219 3567 329 3631 tradere
351 3565 526 3639 renuerint,
547 3561 606 3629 utri
628 3581 663 3625 ue
684 3580 785 3644 ponas
819 3563 904 3646 ugiti-
985 3565 1017 3639 §.
1048 3584 1076 3640 5.
1107 3565 1173 3626 Nos
1203 3560 1297 3643 ipsum
1328 3562 1476 3624 Inarium
1512 3564 1733 3626 Procuratorem
1880 3627 1884 3636 .

106 3649 159 3714 vis
181 3694 193 3724 ,
217 3649 249 3711 br
268 3669 368 3713 eorum
389 3646 571 3719 fautoribus,
667 3642 906 3726 proteiioribus,
948 3641 1118 3723 specialibus
1139 3641 1312 3717 favoribus,
1404 3641 1507 3722 gratiis
1526 3641 1660 3726 prosequi
1680 3664 1734 3709 vo·
1800 3663 1803 3667 ·
1866 3661 1872 3720 g

104 3745 231 3806 necnon
252 3728 425 3803 rebellibus,
456 3729 487 3791 δι
508 3722 742 3791 inobedientibus
762 3744 811 3806 per
831 3725 906 3788 hanc
945 3723 1063 3796 lenies,
1105 3721 1136 3785 dr
1167 3744 1184 3784 a
1211 3719 1359 3803 quibusvis
1391 3721 1734 3802 ercommunicationis,

103 3810 319 3892 Apostolicam
349 3809 449 3875 Sedem
481 3806 631 3892 impositas
654 3802 716 3888 ipso
738 3803 843 3881 facio,
873 3805 904 3868 st
945 3802 1157 3886 suspensionis,
1188 3802 1219 3865 br
1240 3802 1415 3881 interdisli,
1445 3803 1563 3887 aliisque
1593 3803 1732 3868 Ecclesia·

100 3891 219 3975 absque
240 3891 301 3955 alia
320 3890 512 3957 declaratione
533 3891 676 3952 incurrere
693 3884 833 3951 debemt.
943 3886 1020 3948 siicis
1041 3881 1214 3958 sententiis,
1246 3880 1396 3960 censuris,
1427 3885 1574 3970 &pinnis
1602 3888 1733 3960 ajure,

120 3977 179 4053 ἰεῦ.
202 3969 237 4056 3‘.
260 3977 330 4037 Nos
348 3971 505 4059 supplicem
537 3968 668 4033 libellum
689 3968 773 4031 nobis
805 3987 902 4056 porre-
942 3966 990 4032 vel
1021 3961 1059 4028 ab
1079 3964 1198 4028 bomine
1227 3963 1333 4045 quavis
1361 3966 1530 4044 occasione,
1565 3966 1612 4031 vel
1648 3962 1734 4028 censa

101 4056 188 4120 sium
220 4055 265 4116 ad
286 4055 551 4138 congregationem
583 4048 800 4114 Vmerabilium
832 4051 901 4111 Fra·
942 4048 1038 4125 latis,
1069 4045 1211 4126 squibui
1230 4045 1452 4127 quomodolibet
1483 4047 1635 4110 innodatus
1653 4089 1655 4096 ›
1670 4045 1730 4108 eii-

100 4155 190 4201 mm
215 4135 327 4198 Nostro
415 4138 443 4197 S.
466 4135 504 4195 R.
526 4134 563 4196 E.
584 4131 670 4196 Card.
692 4131 837 4213 negotiis,
868 4131 901 4194 st
940 4128 1018 4204 stit,
1039 4127 1075 4191 ad
1096 4124 1226 4191 effesium
1269 4125 1428 4193 raefenrium
1449 4127 1603 4190 dumtaxat
1619 4125 1729 4194 ‘conse-

99 4216 321 4283 consultationi
392 4214 632 4300 Episcoporum,
662 4212 693 4274 ἃ
712 4211 901 4295 Regulnrium
941 4199 1087 4292 qiiendum
1109 4208 1212 4270 barum
1245 4207 1303 4271 erie
1323 4207 1528 4283 absolventes,
1560 4211 1591 4271 st
1619 4206 1731 4270 absolu·

101 4295 296 4384 praepostarn
319 4297 497 4372 remisnius,
519 4316 614 4377 aqua
634 4296 783 4359 emanavit
800 4294 901 4357 Decre·
941 4306 1007 4356 tuni
1033 4288 1102 4353 'sore
1131 4287 1277 4355 censentes
1311 4288 1341 4353 fu
1363 4288 1568 4372 piscationibus
1589 4290 1650 4363 ejus
1678 4307 1731 4350 no·
1800 4329 1803 4335 -

98 4399 177 4445 tum
199 4378 337 4454 terioris,
367 4378 457 4462 quis
490 4378 597 4452 uitur,
628 4373 767 4440 videlicet
789 4397 796 4437 ι
817 4377 902 4437 Sacra
942 4369 1129 4436 mineNobis
1160 4368 1241 4451 super
1252 4372 1317 4435 'boc
1339 4310 1490 4434 sumilirer
1518 4368 1658 4452 porresiis
1687 4367 1731 4427 iri·

98 4462 226 4540 Congu.
250 4457 420 4524 Eminentis
430 4501 461 4554 ⁹(
525 4455 720 4522 Reverendifs.
751 4458 781 4519 S.
801 4457 839 4518 R.
863 4457 900 4518 E.
942 4452 1072 4526 clinati,
1100 4451 1255 4515 Decretum
1277 4450 1472 4533 praeinserium
1493 4449 1667 4514 ausiorirate
1685 4447 1730 4507 A·

98 4542 199 4605 caru.
223 4539 368 4621 negotiis,
402 4541 434 4604 ἃ
454 4538 722 4604 consultationibus
744 4536 901 4620 Episcopo·
943 4531 1080 4617 pusiolica
1111 4551 1210 4598 tenore
1228 4531 1412 4606 presentium
1434 4531 1666 4601 confirmamus,
1699 4526 1732 4587 ἀ

100 4620 258 4744 wi&
275 4620 459 4744 Regulariim
480 4621 651 4710 praeposta,
672 4619 815 4704 adquam
833 4620 902 4685 San·
942 4613 1164 4701 approbamus,
1203 4612 1314 4756 iniqu}
1324 4611 1526 4756 binqiolibiiis
1554 4605 1732 4750 qulioniicae
