3959 5259
326 167 408 270 306
643 134 1430 267 JEJUNIUM.Ann.1.

257 272 416 345 ravimus,
448 268 522 331 itaut
554 265 633 328 nulla
662 282 730 327 artas
761 265 851 329 libera
881 265 911 327 bt
933 263 1043 327 incolu·
1085 259 1228 344 petientia
1257 261 1381 327 avobis
1413 275 1593 341 compertum
1615 256 1704 328 erit,
1736 246 1869 312 debeatis

260 353 318 416 mir
338 348 390 416 esse
410 366 497 430 queat
518 346 580 418 ..δι
600 344 768 421 affirment,
791 345 852 410 illis
872 346 938 429 ipsus
958 345 1047 426 ,qui
1107 362 1201 424 unque
1223 387 1233 416 ,
1263 362 1297 404 ac
1319 342 1458 405 mollibus
1479 339 1680 402 abslinentiam
1702 331 1871 411 Quadrage·

261 439 337 499 inter
371 431 459 497 Cives
497 427 570 490 salvi
605 428 635 491 δι
675 428 781 510 integri
823 426 1044 502 numerantur,
1084 362 1162 486 brnae
1184 423 1293 485 nullam
1318 422 1418 487 inserte
1440 420 1630 506 perniciem,
1660 435 1755 497 neque
1776 409 1874 493 plures

259 514 392 583 eamdem
422 510 580 594 perniciem
613 509 801 579 imminete;
843 506 871 571 id
910 525 1046 592 praterea
1086 507 1126 573 ob
1146 505 1221 566 banc
1242 500 1355 567 causant
1378 505 1452 566 inter
1474 517 1627 581 egrotos,
1657 498 1705 562 vel
1736 508 1874 556 mortuus

261 595 388 663 conferre
410 590 568 674 plurimum
590 589 626 652 ad
648 588 811 662 huiusmodi
843 588 919 655 luem
951 589 1044 672 depel·
1090 583 1248 651 recenseri.
1270 587 1356 647 Hanc
1379 584 1541 656 rationem,
1564 581 1594 643 δι
1615 579 1783 640 inlliruturn
1805 572 1875 666 llos

264 677 398 748 leudam,
420 691 470 737 aut
491 672 681 746 evltandam,
714 672 818 735 sutum
841 688 1063 751 egrotantes,
1088 668 1096 729 i
1121 668 1140 729 si
1161 663 1249 729 secuti
1272 666 1369 729 sumus
1392 665 1523 738 Romae,
1553 661 1585 725 bt
1606 657 1746 723 Bononia
1769 660 1876 736 (cors

260 777 325 824 turn
347 754 425 831 sani,
448 775 467 815 a
487 751 630 835 piscibus,
652 752 789 828 brusco,
821 750 852 813 ἃ
871 751 1046 834 quandoque
1109 747 1189 812 edem
1224 747 1316 810 adbuc
1346 745 1526 822 retinemus)
1556 762 1623 804 curn
1669 757 1762 832 nuper
1793 738 1876 810 Que-

258 837 369 924 pariter
388 856 407 899 e
429 832 529 910 tane,
561 835 593 898 δι
613 833 679 901 ovis
698 834 857 901 abstineant
878 871 892 908 ,v
919 832 971 908 st,
1004 832 1046 892 in·
1089 827 1252 913 dragesimae
1272 845 1389 911 tempus
1403 830 1568 908 ageretur.
1601 822 1632 886 Si
1663 841 1719 884 vos
1751 817 1782 913 td
1801 836 1876 900 qro-
1971 888 1972 907 χ

259 916 382 1005 quam,
416 937 458 978 res
479 916 521 978 ita
542 913 569 983 se
590 914 713 991 babeat,
745 931 809 979 tum
834 912 1045 997 proculdubio
1086 931 1143 993 que
1174 909 1369 989 praestabitis,
1403 929 1423 970 n
1461 928 1495 970 ue
1526 901 1612 966 facile
1641 923 1660 964 a
1690 900 1791 963 Nobrs
1971 910 1972 915 ’

260 999 344 1065 causa
365 995 505 1063 sufficiens
525 995 676 1069 iudicanda
706 996 774 1071 eli,
806 1016 870 1075 quae
899 994 1044 1079 experien·
1086 988 1219 1057 universa
1239 990 1389 1062 Ciuitate,
1412 1013 1448 1053 ve
1483 986 1605 1049 Dioecefi
1625 982 1797 1046 facultatem
1849 1014 1874 1075 ‘-

261 1083 310 1147 tiae
331 1079 483 1151 innititur,
507 1079 537 1140 ἃ
557 1098 620 1159 quae
643 1075 752 1161 semper
774 1076 926 1160 probata,
957 1074 1043 1140 &in
1084 1072 1171 1143 vendi
1206 1072 1435 1152 Quadragesrma
1475 1066 1677 1130 abstinentiam
1718 1061 1872 1160 pullulabu-

302 1163 402 1225 lierunt
426 1157 572 1240 probanda
591 1159 737 1232 videtur,
770 1175 802 1219 ut
823 1176 926 1238 nempe
948 1157 1042 1234 Popu·
1084 1152 1140 1227 tis,
1173 1153 1219 1218 vel
1243 1157 1257 1234 (
1273 1154 1293 1215 st
1315 1151 1495 1217 necessarium
1520 1149 1551 1210 id
1580 1147 1793 1222 arbitremtnr)
1816 1162 1872 1206 non

278 1264 327 1320 us,
351 1240 398 1304 seu
419 1239 536 1311 Civitas
557 1239 669 1321 integra
690 1261 708 1302 a
727 1236 871 1301 Carnibus
904 1234 1044 1298 abilinen·
1086 1233 1172 1296 aliter
1212 1255 1300 1319 quarn
1331 1233 1451 1297 servaris
1478 1228 1627 1313 praemiffis
1656 1225 1873 1289 conditionibus

258 1323 290 1385 di
312 1340 454 1405 praecepto
477 1342 533 1384 nnn
556 1337 706 1385 teneatur.
1086 1313 1305 1396 dispensationis
1328 1315 1462 1376 instantia
1480 1312 1517 1373 ad
1538 1311 1604 1373 Nos
1625 1306 1790 1383 deseretur,
1814 1326 1871 1370 non

244 1423 257 1451 ·'
302 1409 406 1479 Neque
428 1402 486 1464 ulla
506 1398 659 1462 difficultas
679 1416 827 1464 removere
848 1418 901 1462 vos
921 1397 1044 1461 debera
1085 1394 1178 1458 solum
1202 1394 1224 1455 ii
1247 1393 1352 1457 sruiius
1372 1393 1565 1479 provenient,
1586 1410 1661 1471 quos
1682 1392 1741 1462 iam
1766 1388 1872 1451 indica·
1971 1394 1972 1401 ’

259 1478 613 1559 consulendisMedicis,
634 1480 685 1561 qui
707 1479 1042 1562 praestantioreslrabean·
1087 1475 1207 1550 vimus,
1231 1473 1276 1537 sed
1298 1476 1387 1542 eriam
1411 1472 1527 1557 repulsa
1546 1472 1687 1555 pudorem
1700 1470 1870 1548 evitabitis,

260 1583 328 1631 tur.
359 1561 531 1629 Cavendum
554 1562 693 1644 pariter,
726 1578 759 1624 ut
779 1559 919 1642 quidquid
943 1580 1043 1624 revera
1083 1555 1203 1637 Nosque
1224 1555 1333 1639 pariter
1353 1577 1388 1618 ea
1408 1554 1539 1625 moleslia
1550 1551 1758 1625 vindicabitis,
1803 1573 1871 1615 uam

259 1645 421 1717 senserint,
458 1642 565 1725 scripto
587 1641 681 1704 teslari
702 1661 760 1704 non
784 1639 1040 1727 pretermittant,
1082 1633 1236 1711 serimus,
1269 1636 1338 1697 dum
1361 1636 1441 1699 v‘otis
1462 1632 1561 1698 vellris
1591 1633 1715 1697 minime
1736 1572 1872 1696 obsceno·

258 1748 323 1811 qua
344 1723 474 1788 conditio
495 1725 514 1785 st
535 1723 634 1796 defit,
667 1723 696 1785 in
727 1723 867 1804 pollerum
891 1720 970 1783 nulla
990 1740 1045 1782 un·
1084 1717 1210 1779 damus.
1232 1717 1461 1782 Poll'remo‘vos
1481 1734 1583 1778 omnes
1604 1734 1789 1798 peramanter
1809 1736 1872 1777 aru-

259 1828 348 1892 quam
370 1804 488 1869 facultas
509 1803 653 1879 Civitati,
677 1821 728 1867 aut
749 1801 871 1867 Dioecefi
891 1802 1043 1877 carnibus,
1106 1798 1259 1876 leflimur,
1283 1794 1785 1881 &Apostolicanr'benedislionem
1808 1797 1872 1861 Vo-
1971 1798 1972 1801 ’

264 1907 316 1953 aut
348 1884 500 1948 lasiiciniis
530 1882 661 1951 vescendi
692 1900 824 1965 tempure
855 1882 1041 1965 Quadragesr·
1081 1818 1155 1957 sis,
1180 1877 1474 1963 Populisque'veslris
1495 1877 1699 1962 impertimur.

245 1990 315 2032 ‘ma
336 1968 478 2031 tribuetur
500 1987 507 2027 e
539 1965 648 2049 quippe
670 1964 700 2027 id
729 1963 911 2029 necessarium
942 1963 1037 2027 omni·

258 2071 299 2114 no
319 2049 454 2113 videtur.
479 2045 603 2121 Accedit
625 2046 735 2122 etiam,
766 2045 844 2129 quod
867 2044 979 2119 Medici
1001 2044 1042 2108 sa·
1124 2047 1231 2105 Datum
1252 2066 1286 2108 err
1307 2050 1378 2112 Arce
1399 2043 1491 2123 castri
1503 2041 1666 2125 (landulphi
1686 2042 1730 2103 die
1755 2046 1875 2122 toln-

259 2132 372 2194 cilitate
393 2125 703 2216 quadamincredibili
735 2126 892 2211 peculiares
922 2126 1041 2207 quidem
1082 2129 1125 2190 nii
1151 2146 1240 2209 1745.
1262 2125 1446 2205 Penniscatur
1466 2128 1559 2206 Nellre'
1578 2148 1651 2195 auno
1671 2125 1785 2204 quinte.

261 2214 351 2276 Cives
380 2208 647 2290 aQuadragefimae
676 2225 812 2293 precepto
842 2207 977 2283 liberos,
1007 2210 1039 2276 δι
1447 2276 1449 2282 ,

260 2291 404 2354 immunes
426 2290 572 2352 decernere
595 2288 725 2362 soleant,
757 2295 839 2373 (qua
869 2291 902 2354 de
925 2313 953 2353 re
973 2312 1038 2370 gra·
1121 2292 1182 2366 Qui
1204 2288 1290 2355 semel
1314 2290 1399 2377 fregit
1429 2291 1569 2365 ieiunium
1593 2337 1604 2365 ,
1636 2290 1667 2353 bt
1688 2288 1791 2351 eadern
1824 2285 1872 2351 die
1889 2285 1919 2362 36

259 2371 373 2435 vissrme
396 2369 531 2433 monendi
552 2391 569 2432 a
589 2370 684 2435 Vobis
713 2369 811 2446 sunt,
843 2393 878 2435 ne
900 2370 959 2435 suas
980 2374 1041 2434 ani·
1084 2372 1182 2459 saepius
1200 2373 1367 2448 comedit,
1400 2372 1534 2455 fi2sregit
1561 2368 1705 2447 jejunium
1736 2368 1786 2433 esu
1814 2388 1871 2435 cat·

259 2474 323 2515 mas
346 2448 520 2530 indulgendo
541 2450 630 2514 nimis
651 2453 860 2535 aggravent):
882 2474 948 2516 curn
971 2476 1041 2517 vero
1083 2454 1184 2527 nium,
1209 2472 1308 2536 peccat
1331 2456 1419 2519 tut‘ies
1441 2455 1638 2529 mortaliter,
1694 2451 1789 2515 uoties
1820 2450 1869 2514 ite

260 2554 314 2621 pro
337 2530 471 2596 universus
491 2529 616 2594 Civibus
638 2533 714 2596 idem
733 2536 913 2600 statuendum
935 2554 1040 2616 propn-
1083 2555 1146 2595 rum
1167 2535 1435 2599 committentes.
1457 2538 1640 2597 Communis.
1670 2473 1920 2604 liecensem

258 2614 357 2687 nitur,
389 2628 453 2679 turn
477 2609 504 2673 se
525 2612 686 2689 difficiles,
718 2614 851 2689 antius,
880 2637 916 2678 ac
946 2615 1039 2677 snlici-
1059 2648 1062 2653 >
1081 2614 1125 2710 git
1148 2612 1207 2681 sota
1229 2615 1368 2699 replicata
1389 2613 1540 2685 tesesiione
1572 2635 1640 2679 curn
1672 2616 1747 2687 cibis
1766 2617 1866 2687 diere

260 2712 306 2758 tos
328 2693 454 2776 praeliare
474 2712 527 2755 nos
548 2693 599 2777 ipsr
620 2695 731 2780 experti
755 2694 870 2758 sumus.
894 2697 1040 2760 Puslremo
1082 2695 1340 2779 runiipermilsts,
1375 2696 1491 2760 variant
1514 2696 1656 2761 Doslores
1679 2741 1687 2758 .
1709 2697 1865 2780 casiropal.

260 2774 394 2840 srvelint
416 2793 579 2857 percurrere
601 2796 634 2838 ea
654 2797 718 2860 qua
740 2775 771 2839 in
794 2776 904 2852 Italia,
941 2780 971 2842 sit
993 2801 1039 2841 er·
1081 2776 1148 2840 roni.
1173 2797 1222 2854 25.
1240 2796 1304 2871 par.
1325 2798 1355 2855 e,
1378 2781 1407 2856 §.
1434 2799 1462 2839 2.
1484 2801 1561 2841 num.
1583 2779 1776 2860 urfagmoez
1790 2797 1861 2860 pne·

258 2874 305 2920 tra
324 2855 414 2939 ipsam
451 2855 655 2937 praeclarissimi
680 2856 957 2925 AusioresMedici
977 2859 1040 2941 Ty·
1082 2874 1152 2937 cept.
1175 2880 1206 2933 4·
1227 2858 1280 2919 nb.
1308 2879 1335 2921 1.
1357 2881 1382 2920 c.
1403 2881 1434 2936 4.
1456 2855 1534 2921 nem.
1557 2860 1587 2922 8.
1612 2861 1645 2927 bt
1666 2861 1711 2921 alii
1740 2861 1777 2924 ab
1797 2857 1857 2941 ipn

257 2939 303 3021 pis
322 2937 521 3018 evulgarunt,
540 2935 626 3002 sacile
646 2938 878 3019 deprehendent,
900 2940 1040 3007 abilineu·
1082 2936 1197 3013 citati,
1228 2937 1324 3001 Diana
1396 2956 1420 3003 r,
1442 2960 1468 3000 1.
1492 2943 1538 3001 tir.
1563 2943 1695 3020 onrefol.
1715 2963 1761 3016 qa.
1791 2960 1857 3002 cum
1890 3004 1894 3009 ,

199 3072 204 3085 ,
243 3020 358 3093 riam,
389 3019 579 3098 ciborumque
608 3018 815 3102 parsimoniam
838 3017 957 3083 abillis
980 3024 1040 3083 nra-
1081 3019 1300 3101 quatuordecim
1323 3020 1389 3083 aiis
1409 3018 1450 3083 lbi
1471 3021 1602 3094 citatis,
1634 3021 1776 3085 Melinos
1795 3020 1863 3101 disp.
1971 3042 1972 3047 ¹

256 3119 381 3182 gnopere
403 3098 618 3175 commendari,
653 3097 805 3163 discrimen
828 3099 903 3164 inter
924 3101 1042 3164 morbus
1088 3120 1133 3181 ¹4·
1154 3098 1257 3167 Theolo
1277 3147 1286 3164 .
1308 3102 1406 3171 muas,
1429 3104 1505 3170 dum.
1518 3127 1548 3180 9.
1572 3100 1865 3171 Reilsensluel'l'heel.

262 3181 468 3254 constituis&
489 3180 574 3241 cenis
595 3180 756 3244 rationibus
777 3180 884 3242 ollendi
904 3223 917 3256 ,
940 3182 970 3245 in
993 3202 1041 3244 cu·
1082 3176 1180 3242 moris.
1203 3200 1232 3242 tr
1276 3202 1356 3249 ,rra
1378 3184 1415 3245 de
1533 3184 1678 3265 afccles.
1699 3182 1767 3246 dtis.
1796 3205 1824 3245 2.
1856 3224 1868 3244 .

259 3261 353 3324 randis
390 3258 562 3339 quibusdam
593 3262 703 3324 morbis
733 3264 915 3344 nequaquam
948 3262 1040 3344 requi·
1084 3283 1112 3323 2.
1132 3287 1162 3324 n.
1186 3282 1234 3324 eo.
1259 3261 1343 3327 Felix
1366 3184 1491 3329 Porsulae
1540 3287 1563 3325 r.
1585 3268 1634 3327 cir.
1671 3291 1701 3328 n.
1724 3208 1869 3338 membr

257 3340 311 3417 ri,
342 3358 376 3405 ut
398 3339 570 3417 jusculum,
602 3342 633 3404 δι
663 3362 762 3405 carnes
794 3339 859 3403 loco
890 3340 1043 3425 piscium,
1086 3341 1157 3418 alii,
1180 3342 1299 3420 dicunt,
1322 3364 1381 3408 non
1405 3362 1522 3427 peccare
1544 3344 1732 3419 mortaliter,
1756 3346 1872 3427 nisiper

256 3422 333 3498 olei,
356 3420 559 3486 &herbarum
582 3419 803 3495 substituanturr
836 3422 866 3484 in
887 3423 954 3487 aliis
974 3442 1044 3489 vero
1085 3421 1236 3485 secundam
1258 3424 1484 3501 comestionem,
1503 3446 1562 3491 non
1574 3446 1644 3491 vero
1656 3444 1711 3509 per
1729 3426 1867 3503 tertiam,

255 3507 354 3578 iuvare
374 3501 565 3585 plurimum,
597 3501 757 3566 sifublatis
772 3502 938 3580 carnibus,
969 3526 1035 3568 cum
1077 3503 1124 3566 vel
1148 3502 1220 3578 alias
1241 3502 1459 3587 subsequentes.
1482 3505 1523 3583 Et
1544 3507 1620 3570 ratio
1641 3506 1772 3570 istorum
1800 3507 1869 3583 eli,

255 3585 394 3649 indicitur
414 3584 573 3659 jejunium,
609 3584 696 3659 oleo,
730 3583 777 3648 vel
800 3578 877 3673 lasle
937 3603 1034 3648 rotan-
1075 3583 1146 3663 qnia
1167 3602 1341 3668 praeceptum
1363 3585 1465 3660 jejunii
1484 3587 1677 3669 nonobligar
1698 3587 1739 3650 ad
1762 3585 1872 3683 impos-

255 3684 297 3731 tes
318 3681 457 3729 urantur.
482 3665 607 3729 Densum
630 3665 781 3729 advertent
802 3683 890 3744 quam
945 3665 1035 3748 ligen-
1076 3663 1175 3730 sibilet
1196 3666 1289 3748 polita
1308 3681 1407 3731 autem
1432 3664 1551 3731 secunda
1571 3667 1783 3743 comestione,
1816 3687 1873 3729 rm·

253 3766 327 3820 ter,
361 3761 548 3826 accurateque
579 3746 703 3809 scribant
723 3745 758 3808 de
778 3745 902 3827 pesloris
924 3747 1035 3810 incom-
1076 3743 1208 3827 poffibile
1229 3747 1290 3823 esl,
1313 3763 1347 3810 ut
1366 3746 1432 3829 quis
1454 3748 1539 3814 unica
1564 3747 1718 3814 resesiinne
1741 3766 1867 3825 coutet·

255 3828 367 3902 modis',
390 3847 456 3898 curn
480 3827 508 3888 in
530 3828 665 3890 omnibus
675 3827 835 3908 generatim
857 3826 1037 3902 excitantur,
1076 3826 1208 3901 tussit,
1243 3828 1371 3910 adeoque
1391 3818 1666 3911 peccarur'tantum
1690 3830 1722 3892 in
1747 3829 1876 3903 secunda

254 3929 290 3971 ne
310 3907 501 3989 corripiantur
522 3910 621 3971 eodem
644 3908 773 3979 morbo,
803 3906 855 3987 qui
877 3905 969 3971 adhuc
989 3907 1034 3968 in·
1075 3908 1278 3984 comellione,
1309 3909 1340 3973 δι
1361 3929 1419 3971 non
1441 3907 1471 3969 in
1495 3910 1587 3986 aliis,
1618 3910 1692 3993 quia
1713 3913 1812 3974 llatim
1837 3930 1881 3973 ac

254 3984 384 4051 culumes
404 4009 422 4048 a
441 3990 591 4063 communi
615 3988 660 4051 lus
681 3983 849 4068 supersunt.
1075 3985 1127 4049 illa
1147 3989 1240 4071 potita
1261 4034 1270 4065 ,
1302 3990 1340 4052 ell
1361 3987 1508 4054 violatum
1528 4009 1705 4077 praeceptum
1729 3992 1875 4068 jejunii,

294 4065 365 4127 Hac
387 4067 470 4130 vobis
491 4069 641 4133 indicanda
662 4067 850 4151 putavimus.
872 4066 1032 4149 Reliquum
1074 4068 1106 4128 δι
1133 4089 1180 4130 am
1204 4070 1260 4135 lius
1298 4089 1356 4131 non
1391 4068 1534 4150 obligat.
1573 4073 1700 4135 Medina
1731 4090 1882 4149 autern,

254 4147 313 4222 ell,
335 4160 367 4207 ut
387 4167 440 4209 vos
461 4145 630 4226 hortemur,
652 4170 688 4211 ne
710 4165 773 4210 tam
796 4143 881 4210 sacile
902 4147 1033 4233 suscipia·
1075 4147 1161 4222 Mai.
1224 4167 1339 4213 untes.
1371 4150 1534 4215 Covarruv.
1566 4152 1686 4215 Molan.
1708 4153 1883 4227 Silvester,

253 4225 293 4291 ris
314 4225 463 4306 negotium
495 4231 622 4323 petenda
652 4225 799 4292 facultatis
821 4227 918 4291 utendi
940 4231 1033 4293 carni·
1074 4229 1165 4293 Loth.
1185 4230 1218 4291 ’δι
1239 4229 1290 4292 alii
1313 4230 1401 4299 multi
1422 4235 1496 4312 apud
1519 4234 1562 4294 La
1576 4235 1677 4300 'Croix
1698 4238 1752 4298 soe.
1778 4238 1881 4297 ciras.

252 4310 333 4378 bus,
361 4306 392 4367 bt
413 4304 562 4401 lasiicmiis
583 4328 714 4393 tempore
735 4306 961 4387 Quadragesima
981 4330 1036 4394 pro
1077 4333 1153 4381 num.
1170 4312 1255 4387 1265.
1278 4310 1371 4374 valde
1379 4311 1572 4405 probabiliter
1591 4331 1708 4391 tenent,
1744 4336 1887 4398 peccare

252 4384 387 4455 universa
406 4385 556 4467 Ciuitate,
579 4390 627 4455 vel
651 4390 801 4452 Dioeceli.
833 4389 894 4465 Qui
916 4410 953 4474 pe
982 4392 1032 4455 ab
1077 4389 1269 4468 mortaliter,
1303 4392 1546 4472 quorres'iterum
1570 4393 1657 4458 sumit
1678 4399 1809 4477 plenam
1835 4418 1890 4459 re-

251 4466 409 4566 rumpenda
422 4470 544 4535 tandem
574 4472 613 4565 esi
641 4466 845 4563 consuetudo,
874 4411 915 4538 ob.
942 4491 1032 4552 quarn
1073 4471 1244 4546 sesiionem,
1277 4473 1347 4553 quia
1367 4493 1417 4554 per
1437 4474 1620 4557 negationem
1643 4477 1768 4542 aliarum
1795 4475 1889 4547 refe-

250 4571 310 4625 ram
332 4566 384 4628 per
405 4564 561 4626 turannos
586 4571 615 4612 rn
638 4549 807 4633 qurbusdem
829 4549 968 4625 locisha
989 4552 1029 4625 sa·¹
1073 4552 1204 4620 &ionum
1225 4552 1318 4629 adhuc
1338 4554 1465 4618 obtineri
1527 4558 1581 4620 tesl
1602 4559 1744 4630 notabilis
1775 4576 1885 4619 mor-

251 4628 373 4696 sulrater
392 4626 481 4697 tribui
501 4629 737 4711 consueverunt.
770 4629 855 4702 Illud
869 4633 962 4703 etiam
981 4656 1031 4702 er·
1073 4632 1199 4704 sificatio
1219 4634 1345 4716 carun,
1375 4656 1476 4720 quae
1517 4635 1584 4703 linis
1602 4639 1704 4726 legis5
1737 4637 1891 4709 Vivtlrb

1732 4738 1842 4801 vero,
