3959 5259
449 110 1360 197 FU'RFURTUM.'
1572 147 1620 201 12

100 230 276 297 Communis.
297 222 340 288 Et
368 222 445 287 ratio
475 224 531 300 eli,
562 222 631 319 quia
658 168 728 283 talis
757 218 884 285 intendit
925 210 993 285 ralis
1014 221 1164 286 secundum
1185 232 1289 289 ornnes
1306 226 1356 289 sub
1379 225 1497 290 mortali
1527 152 1651 293 tenetirt5
1670 253 1712 298 re-

100 315 227 397 accipere
248 326 307 370 rem
329 303 454 368 alienam
476 325 577 386 magna
608 300 752 366 momenti
787 303 883 367 invito
924 302 1039 366 slituere
1060 304 1201 369 summam
1223 306 1382 372 notabilem
1405 307 1489 371 suttis
1510 310 1714 376 minutiscon·

100 394 248 466 Domino,
271 386 410 468 sumulque
430 386 539 469 singula
559 403 677 448 externa
703 381 788 447 ,surra
810 402 883 524 pro·
924 402 1094 525 qregatarn3
1117 386 1220 467 Sporer
1238 390 1287 452 soe.
1309 392 1357 450 eir.
1379 414 1407 450 n.
1427 410 1475 468 37.
1499 388 1539 451 (t
1558 412 1609 467 4ο.
1642 393 1714 454 Car·

98 475 200 537 cedunt
221 491 255 532 ex
292 468 453 531 intentione
484 465 636 529 mortifera
663 464 776 527 surandi
821 483 883 527 eor·
943 484 1010 527 enas
1030 468 1061 527 in
1084 486 1110 525 a.
1131 468 1206 542 Cnst
1220 468 1310 551 d.23.
1324 495 1352 530 n.
1368 491 1417 547 90.
1439 470 1482 532 la
1501 471 1594 534 Croix
1614 471 1666 535 sib.
1683 496 1713 554 3.

97 554 147 616 ,qm
169 552 366 633 quantitatem
389 546 569 622 notabilem,
591 546 719 627 adeoque
739 544 809 608 talis
830 545 883 605 fin·
918 560 997 628 part.
1010 568 1038 608 2.
1057 570 1134 608 num.
1152 569 1219 625 244.
1242 550 1273 611 δι
1294 548 1354 630 ipso
1374 550 1441 612 telle
1462 550 1513 612 alii
1533 552 1712 616 communis·

95 634 171 716 gulis
192 631 275 695 furtis
305 631 427 694 minutis
456 644 557 712 peccat
591 626 775 698 mortalitet;
805 625 884 687 Hinc
925 626 1013 710 sume.
1036 625 1115 688 Hinc
1139 630 1290 693 Innocent.
1311 630 1365 690 XI.
1385 629 1471 692 diez.
1493 636 1598 696 Martii
1623 637 1711 714 1⁶79.

94 718 131 778 de
151 713 290 775 similibus
308 713 415 774 dicitur
434 713 581 771 Deuteron.
605 729 654 788 ²5·
686 712 748 770 Non
769 705 883 768 habebis
923 707 1031 791 merito
1051 707 1203 771 damnauit
1225 708 1389 791 sequentem
1411 730 1463 791 pro
1505 712 1637 779 sirionem
1659 714 1710 792 38.

94 801 128 859 in
141 796 384 875 sacculadiuersa
393 791 633 932 ganderamajas
654 787 693 852 Θ
714 790 805 850 minus
826 829 880 850 ...
923 788 953 849 in
973 787 1095 851 ordine:
1116 792 1180 850 Non
1200 808 1305 851 tenetur
1332 794 1394 871 quis
1416 793 1444 870 f
1497 810 1580 875 pona
1603 798 1712 878 peccati

94 876 278 938 Abominatur
298 879 371 936 enim
425 894 470 934 eus
489 894 576 944 eum,
595 872 645 951 qui
659 870 735 946 facit
755 868 827 945 hoc,
848 868 882 930 bt
921 869 1044 931 mortalit
1063 868 1213 946 restituere,
1235 872 1308 952 quad
1327 871 1454 933 ablatam
1487 875 1522 951 est
1546 891 1597 956 per
1619 893 1710 957 pauca

94 957 233 1021 Proverb.
269 977 315 1018 ιι.
346 958 456 1014 statera
482 952 576 1032 dolosa
615 947 814 1013 abominabilis
845 948 880 1025 eli
915 952 1019 1030 furta,
1040 972 1287 1033 quantumcumque
1301 951 1342 1026 fit
1360 955 1708 1034 magnasummatotasis.

63 1038 168 1120 {apud
188 1039 297 1096 Deum.
320 1034 406 1098 Resle
439 1050 537 1096 tamen
567 1047 673 1111 notant
703 1028 880 1093 Leslrus‘sib.
923 1036 996 1096 Non
1015 1031 1157 1113 quidem,
1179 1051 1212 1095 ut
1231 1049 1317 1097 notat
1336 1034 1440 1174 Sanex
1460 1034 1511 1096 soc.
1533 1038 1582 1097 cit.
1604 1061 1632 1097 n.
1655 1057 1704 1115 37.
1726 1057 1765 1113 41

97 1141 126 1180 2.
146 1117 181 1177 de
199 1116 310 1198 justitia
331 1133 391 1196 cap.
415 1135 462 1176 12.
485 1111 553 1176 aab.
575 1133 616 1189 7.¹
638 1134 714 1174 num.
735 1112 785 1189 48.
808 1112 879 1206 Spo-
920 1112 972 1176 sub
1012 1112 1130 1176 mortali
1153 1129 1284 1183 ,tenetur
1320 1133 1350 1176 re
1374 1115 1465 1179 ituere
1494 1130 1588 1179 totam
1623 1113 1707 1178 illam

93 1220 138 1263 rer
156 1198 208 1258 soc.
230 1202 277 1258 cit.
298 1220 374 1260 num.
397 1215 445 1275 35.
475 1193 506 1255 δι
536 1191 606 1267 alii,
638 1212 697 1254 non
726 1189 877 1255 committi
918 1194 1080 1269 summam,
1102 1191 1148 1257 sed
1169 1191 1260 1256 solum
1280 1192 1362 1256 illam
1384 1212 1514 1272 partem,
1547 1216 1610 1278 quc
1637 1217 1707 1260 con·

95 1296 140 1342 tot
161 1277 289 1340 dislindla
310 1277 385 1339 furta
419 1273 579 1349 mortalia&
603 1290 676 1354 quot
706 1271 770 1341 sunt
802 1272 878 1337 surra
918 1274 1010 1337 siituit
1042 1273 1237 1355 quantitatem
1276 1274 1436 1339 notabilem
1477 1275 1507 1336 in
1538 1297 1625 1358 graue
1655 1276 1705 1339 da-

94 1359 227 1434 minuta,
251 1357 295 1422 sed
314 1355 478 1421 continuari
512 1352 604 1425 solutu
637 1356 696 1426 iarn
726 1370 876 1438 creptum,
920 1375 1021 1418 mnum
1042 1355 1193 1437 proximi,
1215 1375 1328 1437 quaque
1362 1356 1514 1431 reslituta,
1547 1378 1605 1421 uon
1636 1358 1705 1421 reti-

91 1440 161 1521 quia
180 1439 280 1502 omnia
300 1437 376 1501 surra
399 1435 512 1498 minuta
544 1436 576 1497 bt
599 1435 778 1513 detentiones
799 1455 878 1497 acce-
919 1453 1004 1498 netur
1026 1435 1151 1518 amplios
1170 1436 1319 1516 quantitas
1351 1436 1491 1499 notabilis
1521 1458 1589 1501 cum
1620 1437 1705 1521 gravi

90 1537 209 1604 protum
230 1516 380 1583 censentur
402 1539 458 1580 una
477 1517 625 1581 continua
645 1517 778 1580 executio
800 1514 878 1577 illius
917 1517 1026 1579 damno
1047 1514 1174 1598 proximi
1196 1513 1346 1579 secundum
1377 1538 1562 1581 communem
1597 1519 1633 1579 D.
1667 1517 1707 1581 D.

91 1599 226 1665 mortalis
257 1598 430 1664 intentionis
454 1642 462 1659 .
492 1596 580 1673 Quod
610 1597 698 1659 etiam
730 1597 759 1658 in
795 1593 877 1658 furtis
917 1595 994 1677 apud
1015 1595 1135 1657 Cardin.
1159 1597 1194 1659 de
1213 1598 1297 1678 Lugo
1316 1596 1448 1693 dispas
1465 1598 1534 1678 sesi.
1558 1622 1586 1680 3.
1605 1593 1640 1660 de
1657 1603 1706 1683 ju·

91 1681 228 1765 gravibus
249 1703 278 1745 re
299 1679 380 1745 etitis
401 1680 431 1741 bx
452 1678 501 1741 sub
523 1699 579 1740 una
610 1677 769 1741 intentione
789 1675 878 1738 unitis
912 1678 1126 1755 stitia.xu.4t,
1146 1678 1210 1738 Nec
1232 1678 1312 1741 valet
1333 1677 1443 1753 ducere,
1465 1679 1544 1761 quod
1557 1700 1615 1743 non
1639 1682 1706 1763 plus
1724 1701 1764 1757 42

63 1761 245 1838 usuvenit.
267 1701 328 1836 dui
350 1760 459 1823 furatur
477 1758 546 1838 quid
579 1757 744 1830 modicum,
777 1756 877 1817 animo
917 1773 1022 1819 noceat
1049 1756 1188 1819 ultimum
1219 1756 1351 1834 furtum,
1380 1780 1469 1840 quam
1499 1762 1703 1841 procedentia,

93 1863 208 1914 tamen,
231 1842 262 1900 dt
283 1842 435 1903 voluntate
456 1839 538 1919 plura
559 1836 688 1909 furandi,
720 1838 740 1896 sr
767 1834 874 1979 qoslet,
916 1837 1044 1920 adeoque
1065 1837 1166 1901 omnia
1186 1837 1238 1902 esse
1258 1840 1382 1903 venialia
1404 1856 1538 1903 tantum.
1561 1842 1632 1903 Non
1653 1864 1705 1907 va·

89 1935 189 2003 peccat
211 1920 394 1990 mortaliter;
414 1922 575 1979 Communis
593 1941 627 1979 ac
647 1935 739 1978 certa.
798 1934 876 1979 tra·
917 1919 982 1993 let,
1015 1919 1153 1999 inquam,
1188 1918 1258 1998 quia
1289 1919 1473 2001 respondetur
1506 1918 1705 2003 distinguendo

88 2003 133 2066 tio
163 2000 221 2074 esi,
251 2000 320 2080 quia
354 1999 443 2073 talis,
485 2014 627 2078 quantum
659 1998 696 2060 esl
726 2018 760 2059 ex
790 1995 878 2072 se,si
919 1999 1110 2063 antecedens.
1134 2001 1206 2061 Non
1239 1997 1304 2081 plus
1333 2016 1418 2064 nocet
1449 1999 1577 2065 absolute
1608 2000 1704 2066 secun·

89 2080 193 2146 adesset
214 2080 371 2162 copia,&
400 2080 613 2154 commoditas,
643 2078 730 2140 habet
760 2098 880 2159 pravam
920 2082 990 2144 dum
1012 2079 1038 2142 se
1060 2077 1226 2163 sumptum,
1247 2078 1416 2143 conceditur
1436 2082 1621 2157 antecedens,
1644 2103 1705 2146 non

89 2164 296 2239 voluntatem,
319 2161 350 2224 ἃ
369 2158 501 2224 affictum
537 2158 649 2223 furandi
675 2160 875 2240 quantitatem
917 2162 982 2246 plus
1002 2179 1088 2224 nocet
1121 2158 1292 2243 respective,
1328 2161 1360 2224 ἀ
1390 2177 1423 2225 ut
1452 2162 1490 2223 esl
1519 2161 1706 2236 conjunctum

88 2242 279 2319 notabilem,
319 2241 446 2322 adeoque
513 2258 577 2304 ccat
608 2230 736 2321 grauiter
764 2239 877 2309 tatione
918 2263 994 2306 cum<
1015 2239 1100 2304 surtis
1129 2240 1373 2323 precedentibus,
1403 2250 1553 2324 negatur}
1585 2242 1705 2307 Ultimo
1784 2288 1788 2303 2

87 2324 157 2389 talis
177 2344 290 2407 pravae,
312 2322 343 2385 δι
374 2321 529 2385 mortierae
559 2321 740 2397 uoluntatis,
761 2322 793 2383 bt
812 2319 878 2385 affe·
919 2323 999 2386 enirn
1021 2320 1099 2385 sutto
1121 2322 1234 2385 minuto
1254 2323 1416 2405 completur
1450 2321 1572 2386 materia
1592 2323 1707 2385 notabi-
1781 2334 1790 2389 J

87 2406 170 2469 iius.
193 2403 275 2467 Unde
297 2400 492 2471 tedia-monet
513 2403 645 2483 Layman
667 2402 781 2464 soacit.
802 2426 878 2465 num.
921 2404 958 2465 lis
979 2400 1118 2465 sufficiens
1138 2404 1173 2465 ad
1194 2421 1344 2485 peccatum
1367 2404 1509 2478 mortale,
1538 2423 1605 2466 cum
1626 2401 1703 2471 ause·

90 2510 119 2567 3.
142 2485 193 2549 elle
221 2507 238 2549 a
271 2483 454 2548 Conseslariis
483 2481 690 2547 examinandos
722 2480 788 2543 illos
816 2502 877 2564 poe·
919 2500 997 2545 ratur
1027 2485 1086 2555 jam
1118 2482 1229 2562 integer
1259 2481 1422 2558 Florenus,
1461 2483 1508 2547 vel
1549 2481 1704 2566 respodive

86 2566 231 2643 nitentes,
262 2566 314 2646 qui
344 2564 519 2626 confitentur
547 2563 694 2624 modicum
724 2560 795 2641 quid
825 2563 877 2623 esle
918 2563 1065 2638 Ducatus,
1088 2562 1139 2644 qui
1170 2581 1227 2622 non
1257 2562 1369 2626 ablatus
1397 2580 1457 2627 erat
1487 2562 1571 2626 sortis
1600 2584 1702 2646 prace-

84 2644 222 2723 furatos,
254 2666 290 2707 an
322 2643 475 2706 habuerint
502 2643 715 2714 voluntatem,
747 2641 777 2703 tx
808 2638 874 2705 affe-
914 2643 1065 2708 dentibus.
1088 2644 1152 2711 Nec
1174 2640 1264 2704 etiam
1285 2643 1364 2705 valet
1384 2643 1526 2716 objicere,
1544 2645 1699 2726 quodpec·
1721 2663 1759 2723 43

83 2726 163 2790 &um
186 2726 270 2810 plura
286 2723 419 2800 surandi,
443 2724 462 2786 n
483 2720 609 2788 adfuisset
617 2720 773 2807 copias&
792 2742 873 2787 com·
914 2741 981 2790 cata
1001 2723 1128 2788 venialia
1147 2721 1702 2804 quantumcumquemultiplicatanun·

84 2808 235 2873 modicas.
912 2826 1000 2887 quarn
1022 2803 1131 2868 faciunt
1161 2803 1302 2867 mortale.
1334 2805 1405 2867 Non
1433 2803 1529 2878 valet,
1563 2806 1701 2885 inquam,

126 2890 187 2965 Qui
210 2888 320 2952 furatur
341 2886 495 2953 materiam
517 2887 630 2964 levem,
651 2904 789 2967 quaecum
809 2885 874 2947 aliis
936 2887 985 2950 uia
1005 2887 1061 2948 hoc
1083 2904 1184 2948 verum
1206 2884 1262 2955 esi,
1284 2884 1399 2965 quando
1430 2900 1546 2965 peccata
1576 2884 1705 2965 venialia

81 2970 309 3054 precedentibus
339 2969 424 3031 furtis
460 2966 606 3047 complet,
627 2965 779 3026 materiam
812 2984 875 3043 gra·
914 2907 981 3041 lunt
1001 2964 1123 3024 omnino
1144 2961 1287 3041 disparata
1309 2961 1413 3043 absque
1433 2963 1514 3025 omni
1547 2966 1703 3027 connexio·

79 3072 169 3120 vem,
197 3047 326 3108 sthabet
347 3048 532 3109 voluntatem
554 3064 617 3106 eant
646 3063 715 3105 cum
749 3041 813 3104 aliis
835 3062 876 3105 re·
918 3064 953 3106 ne
973 3041 1008 3106 ad
1031 3042 1158 3105 invicem
1181 3042 1209 3101 in
1233 3041 1375 3117 materia,
1398 3042 1445 3105 vel
1478 3043 1578 3106 essec‘lu
1607 3044 1675 3106 caus
1692 3081 1703 3093 ·
1777 3112 1779 3117 ,

81 3127 215 3201 tinendi,
238 3142 340 3220 peccat
359 3124 489 3207 graviter
511 3123 622 3187 ratione
652 3123 758 3195 injusta
780 3121 877 3203 gravis
918 3141 967 3199 to,
991 3138 1024 3184 ut
1045 3122 1074 3182 in
1089 3119 1315 3200 cogitationibus
1331 3122 1498 3198 inutilibus,
1521 3124 1710 3187 verbisotim

79 3208 276 3279 detentionis,
299 3204 368 3283 quia
390 3205 460 3268 licet
481 3204 577 3284 priora
610 3202 798 3284 procedentia
817 3199 873 3262 sur·
916 3203 967 3276 sxs,
990 3200 1165 3272 mendaciis,
1188 3201 1308 3274 jocosas,
1332 3203 1388 3262 &o
1411 3201 1501 3264 eriam
1514 3205 1543 3263 in
1555 3204 1703 3265 infinitum

79 3305 114 3352 ta
135 3285 253 3348 minuta
281 3302 342 3363 quo
371 3284 407 3346 ad
436 3282 612 3345 ablationem
644 3280 750 3342 suerint
782 3278 874 3343 solum
916 3278 1139 3360 multiplicatis.
1163 3278 1278 3340 Falsum
1300 3296 1398 3343 autem
1420 3281 1475 3343 hoc
1495 3282 1551 3352 est,
1585 3285 1703 3363 quando

78 3365 228 3439 venialia,
251 3381 350 3427 tamen
371 3362 545 3429 accrescente
575 3360 699 3424 materia
725 3360 873 3445 eomplen-
917 3359 980 3423 sunt
1002 3360 1212 3432 inconnexa,
1246 3366 1294 3422 ut'
1310 3358 1449 3422 ultimum
1482 3361 1594 3425 veniale
1625 3382 1704 3425 corn-

81 3466 114 3513 te
134 3445 332 3529 quantitatem
363 3443 551 3509 sufficientem
586 3443 621 3505 ad
656 3440 797 3516 mortale,
830 3460 874 3501 ra·
916 3442 994 3524 pleat
1016 3440 1170 3503 materiam
1193 3440 1351 3504 notabilem
1376 3440 1561 3504 sufficientem
1584 3443 1620 3503 ad
1641 3463 1704 3525 pec·

81 3528 169 3594 tione
207 3526 314 3600 injuslae
356 3525 529 3593 detentionis
568 3540 685 3606 exurget
723 3526 874 3605 peccatum
908 3518 1179 3669 =‹bqqqmortaln
1202 3537 1234 3584 ut
1257 3519 1286 3581 in
1309 3522 1405 3585 nostro
1436 3522 1601 3603 proposto,
1634 3525 1701 3597 ubi,

81 3608 229 3683 mortale,
252 3607 283 3671 bt
303 3605 447 3702 obligatio
469 3604 633 3670 reslituendi
664 3601 714 3665 sub
734 3600 874 3666 mortali.
915 3624 992 3681 quat
1026 3603 1049 3666 is
1070 3599 1167 3675 furta,
1190 3599 1236 3662 seu
1266 3619 1383 3682 peccata
1412 3600 1563 3683 venialia,
1595 3618 1627 3664 ut
1659 3620 1702 3667 ta·

84 3694 126 3756 Et
149 3690 225 3753 ratio
245 3689 303 3762 esl,
324 3709 394 3769 quta
427 3686 498 3749 illud
527 3705 620 3767 opus,
652 3704 711 3764 quo
742 3682 874 3755 injutum
917 3685 976 3756 lia,
1009 3682 1039 3742 in
1061 3680 1210 3743 individuo
1231 3698 1290 3741 non
1313 3679 1419 3744 saciant
1440 3686 1530 3753 unrnn
1559 3683 1700 3759 mortale,

80 3794 172 3857 grave
193 3771 332 3832 damnum
363 3767 490 3852 proximi
518 3763 710 3846 completur,
747 3760 871 3825 mortale
913 3764 1051 3827 ultimum
1092 3779 1190 3823 tamen
1230 3755 1340 3822 furtum
1375 3806 1385 3838 ,
1432 3764 1509 3837 quod
1550 3759 1701 3826 secundum

80 3855 140 3923 est3
163 3871 216 3935 per
246 3848 318 3912 illud
347 3863 443 3912 autem
475 3845 613 3910 ultimum
644 3843 782 3920 furtum,
812 3862 873 3924 quo
915 3843 941 3907 se
962 3842 1074 3906 solum«x
1093 3840 1157 3903 esset
1200 3838 1330 3914 veniale,
1362 3840 1411 3902 hic
1441 3843 1472 3902 dt
1493 3863 1567 3903 nunc
1588 3844 1700 3908 ratione
1731 3892 1735 3904 ,

77 3934 149 4016 quis
180 3930 307 3996 advertit
339 3927 365 3993 se
394 3927 541 4011 pervenire
570 3926 606 3988 ad
636 3924 779 3988 summam
809 3944 872 4006 gra·
914 3918 1100 3988 connexionis
1130 3942 1195 3985 cum
1217 3919 1439 4006 praecedentibus
1460 3920 1543 3985 furtis
1563 3921 1597 3986 sit
1620 3944 1721 3993 rnor-⁴

78 4036 172 4088 vem,
197 4036 227 4076 v.
248 4035 276 4094 g.
299 4009 419 4074 furando
439 4008 579 4072 ultimum
601 4007 739 4082 Pacium,
761 4003 808 4067 vel
829 4002 872 4066 ul-
915 4004 995 4067 tale.
1081 4060 1096 4091 a
1631 4082 1634 4089 1

79 4097 192 4162 timum
215 4090 375 4172 Regalem,
406 4088 453 4154 seu
483 4088 621 4152 abimum
652 4087 762 4158 Juliutn
791 4104 871 4147 com·
939 4084 1220 4166 'Peccatgraviter,
1241 4087 1293 4168 qui
1313 4088 1376 4169 post
1396 4085 1472 4150 levia
1503 4084 1596 4163 sorta,
1630 4108 1693 4169 qua
1713 4108 1755 4165 44

79 4175 212 4259 plentem
234 4174 399 4251 Talarum,
422 4171 469 4237 tel
505 4166 715 4252 Imperialem,
746 4165 793 4228 seu
821 4168 871 4228 du·
913 4184 972 4229 non
995 4167 1086 4245 potesl
1108 4167 1269 4243 reslitoere,
1299 4168 1377 4229 addit
1407 4166 1487 4230 aliud
1521 4169 1603 4241 leve,
1636 4189 1696 4250 quo

79 4273 200 4332 catum,
233 4252 280 4319 tes
311 4253 388 4320 siive
419 4252 585 4336 completur
613 4270 701 4330 grave
731 4248 871 4309 damnum
912 4248 1075 4329 completur
1103 4248 1251 4327 quantitas
1286 4248 1403 4329 -gravis3
1434 4249 1517 4329 Lupo
1546 4248 1616 4329 desp.
1651 4268 1697 4327 15.

103 4336 232 4411 roximi,
255 4273 385 4419 aiioque
405 4333 477 4398 illud
497 4331 636 4396 ultimum
656 4327 765 4391 frtrtum
789 4327 871 4389 unius
907 4326 1017 4407 jesieq.
1041 4350 1115 4388 num.
1132 4350 1181 4409 39.
1203 4327 1318 4413 lttsong·
1332 4350 1355 4391 t.
1374 4351 1403 4405 4.
1426 4332 1457 4391 d.
1485 4352 1511 4407 3.
1534 4348 1695 4406 num.157.

78 4356 183 4490 iasii,
206 4415 340 4500 Regalis,
362 4415 409 4480 sen
430 4402 712 4488 murmurarem,
736 4428 795 4470 non
807 4406 871 4489 qui·
912 4410 1016 4490 Sporer
1036 4407 1228 4471 bacinnum.
1246 4433 1293 4491 39.
1315 4410 1359 4472 La
1379 4408 1470 4473 Croix
1478 4408 1531 4470 lib.
1544 4432 1573 4490 3.
1578 4426 1652 4488 part.
1669 4428 1695 4466 r.

79 4499 150 4561 dem
174 4494 325 4563 secondum
347 4495 374 4561 se
394 4495 540 4571 absolute,
563 4491 608 4557 sed
636 4510 703 4555 cum
726 4485 871 4551 habitudi·
913 4511 989 4552 nunt.
1005 4492 1090 4550 1006.
1113 4488 1252 4552 Dicaslill.
1273 4491 1325 4553 sib.
1338 4513 1365 4551 2.
1384 4507 1406 4551 t.
1422 4512 1449 4550 2.
1468 4490 1497 4549 d.
1510 4512 1538 4565 9.
1560 4510 1633 4548 num.
1647 4505 1694 4561 55.

79 4602 119 4646 ne
141 4577 177 4643 ad
209 4575 285 4646 iaxta
312 4577 503 4664 ptaecedentia
532 4573 758 4641 confidetatum.
789 4566 872 4632 Unde
911 4569 1015 4649 &atii
1035 4586 1136 4635 contra
1156 4570 1352 4712 Lesixura,1&
1373 4569 1530 4726 ffranado.
1559 4563 1697 4720 Ereqaqio
