3959 5259
427 115 1270 205 steteramus.
1514 153 1593 236 ης

99 279 111 315 ,
138 236 175 303 δι
197 232 326 301 efficaces
346 228 480 305 exiliere,
503 230 537 293 dt
565 230 601 292 ab
623 228 658 291 iis
688 230 725 291 ad
758 248 832 308 quos
871 226 1051 305 ordinariis,
1075 227 1249 310 inquorum
1284 229 1457 298 Dioecesrbus
1487 235 1584 317 aliqua
1604 238 1654 309 lu-

97 326 165 393 rae,
187 319 221 380 δι
244 311 422 377 infuturum
454 310 620 394 spesiabit,
654 308 831 375 inviolabili·
872 310 997 371 daeorum
1020 311 1188 390 synagoga,
1210 328 1260 375 aur
1280 314 1415 378 notabilis
1443 314 1568 380 aliorum
1603 319 1656 380 In·

97 394 275 467 observari3
295 393 398 474 Sicque
417 412 469 474 per
501 389 697 474 quoscumque
717 389 829 459 ludices
869 386 999 451 fidelium
1030 410 1164 453 numerus
1195 392 1349 473 reperiatur
1360 399 1378 467 ⁴,
1413 394 1491 469 injun
1515 396 1591 461 imus
1620 399 1674 461 δι’

97 475 234 550 lnarios,
265 473 297 536 δι
326 471 483 554 Delegatos
518 470 622 553 quavis
658 469 828 534 auctoritare
868 468 1040 534 mandamus
1057 511 1066 544 ,
1083 487 1117 533 ut
1138 491 1172 531 ea
1191 472 1308 547 omnia,
1343 491 1443 565 quara
1503 477 1586 552 obis,
1619 495 1654 542 ut

98 573 212 632 entes,
247 554 338 618 etiam
372 552 537 618 Caussarum
567 549 674 613 Palatii
704 552 828 632 Apollo·
869 547 1032 633 prasertur,
1054 551 1227 627 constituta,
1249 553 1279 614 δι
1298 550 1430 616 ordrnata
1447 552 1527 632 sunt,
1548 557 1585 619 ad
1604 575 1652 621 eo·

98 636 290 710 Auditores,
313 635 343 699 ἂ
364 635 392 696 S.
405 634 442 694 ll·
463 632 500 695 E.
523 630 708 706 cardinales,
739 629 828 694 etiam
869 631 1000 693 rumdam
1022 630 1205 708 Iudaeorum,
1227 631 1388 697 aliorumve
1403 632 1651 701 [nfideliumnoti

97 733 185 782 arere
209 717 354 798 Legatos,
377 711 489 774 sublata
516 711 559 773 eis
588 713 737 774 &eorum
772 711 829 772 cui·
868 709 943 772 tiam
964 710 1125 790 quotannis
1142 709 1246 786 semel,
1271 708 1317 774 seu
1337 713 1460 796 pluries,
1481 716 1513 778 ἃ
1532 737 1567 781 eo
1588 737 1651 782 mo.

96 822 102 862 t
128 796 244 879 quavis
264 796 350 859 aliter
370 789 537 865 iudicandi,
559 790 590 854 δι
624 789 830 872 interpretandi
870 789 927 865 do,
948 790 999 871 qui
1034 788 1132 854 iisdem
1161 791 1324 854 ordinariis
1352 795 1547 874 opportunior
1576 795 1653 860 visus

97 881 197 951 itate,
223 877 255 938 δι
276 874 463 946 austeritate,
486 871 590 951 ubique
619 869 768 946 judicari,
798 872 831 934 δι
871 868 976 944 suerit,
1000 868 1127 934 sermone
1148 872 1303 935 vernaculo
1335 872 1434 936 deduci
1465 871 1601 950 saciant,·'
1621 877 1654 939 δι

97 959 149 1019 riri
187 954 320 1025 debere3
349 952 463 1016 irritum
495 970 629 1033 quoque,
659 949 690 1012 ἃ
725 948 828 1028 inane,
872 950 901 1011 in
922 949 1096 1013 memoriam
1117 953 1265 1027 revocari,
1286 968 1372 1034 atque
1392 970 1525 1018 utnemo·
1541 955 1656 1038 prorsus
1711 979 1738 1010 a
1821 943 1831 950 ’

97 1034 180 1116 lquid
204 1033 283 1098 secus
302 1033 384 1116 snper
404 1028 557 1103 omnibus,
579 1031 610 1092 br
624 1028 740 1110 singulis
761 1051 828 1114 prae·
870 1030 1033 1094 eammdem
1056 1030 1232 1096 Litterarum
1255 1033 1448 1113 ignorantiam
1470 1034 1589 1117 allegare
1602 1057 1654 1099 va·

97 1116 146 1191 is,
171 1115 221 1180 vel
244 1115 319 1178 circa
339 1129 372 1176 ea
392 1133 410 1174 a
429 1129 576 1193 quoquam
607 1110 712 1204 quaqis
731 1111 828 1175 ausiu-
870 1113 946 1188 leat,
968 1109 1125 1185 volumus,
1149 1129 1181 1173 ut
1204 1112 1278 1188 illa,
1302 1111 1348 1175 seu
1368 1133 1463 1177 earum
1473 1115 1653 1198 exemplum,

97 1215 124 1260 te
147 1194 290 1272 scienter,
323 1191 372 1259 vel
406 1193 568 1273 ignoranter
601 1191 757 1271 cuntrgerit
788 1207 830 1256 at·
851 1191 908 1253 ad
929 1190 1030 1255 valvas
1050 1190 1181 1255 Ecclesia
1215 1193 1439 1269 Lateranensrs,
1470 1196 1501 1258 δι
1531 1194 1656 1258 natrice

97 1276 167 1342 rari.
872 1270 1016 1353 Principis
1035 1271 1262 1354 Apostolorum,
1284 1295 1318 1337 ac
1368 1272 1469 1338 raesatae
1489 1275 1655 1339 Cancellar.
1730 1313 1736 1320 -

98 1403 107 1420 .
131 1378 184 1439 23.
207 1358 280 1422 Non
302 1353 479 1418 obstantibus
498 1349 532 1416 de
553 1354 613 1426 jure
633 1351 750 1434 questro
771 1372 828 1414 non
871 1349 1066 1433 Apostolicae,
1087 1351 1182 1414 Curia
1202 1353 1308 1417 Gener.
1339 1295 1571 1430 llrnocentianae,
1601 1377 1658 1421 neo

97 1438 204 1514 endo,
240 1458 273 1500 ac
302 1434 405 1500 ceteris
434 1433 552 1508 uoslris,
583 1435 614 1499 δι
644 1430 829 1495 Cancellariae
861 1450 928 1491 ⁴uon
952 1430 982 1492 in
1004 1432 1064 1494 acie
1086 1432 1193 1513 Campi
1216 1433 1308 1497 Flora
1328 1434 1362 1497 de
1382 1435 1481 1499 eadem
1503 1436 1583 1500 Urbe
1604 1457 1656 1519 per

97 1519 167 1592 riis,
191 1516 312 1596 aliisque
333 1512 618 1589 Constitutionibus‚
653 1512 684 1575 bt
704 1512 828 1575 Ordina-
870 1507 996 1590 aliquem
1018 1533 1053 1575 er
1074 1510 1243 1576 Cursoribus
1263 1514 1382 1591 nollris,
1405 1518 1655 1597 proutmorisesi,
1736 1553 1740 1584 z

97 1600 173 1661 ribus
196 1595 391 1679 Apostolicis,
413 1594 501 1658 etiarn
522 1593 757 1670 Conciliaribus,
780 1614 831 1654 nec
870 1589 1105 1671 publicentur&
1126 1590 1174 1655 effi
1195 1610 1297 1669 antur,
1320 1615 1383 1675 quae
1413 1596 1449 1659 fic
1479 1596 1654 1678 publicata,

97 1677 190 1741 taliis
211 1675 408 1758 quibuslibet,
431 1675 521 1738 eriam
542 1675 730 1750 Juramento,
754 1675 831 1735 Con·
872 1671 903 1732 ἀ
924 1668 1017 1733 affixa
1037 1691 1156 1748 omnes,
1230 1673 1351 1755 singulos
1371 1676 1486 1758 perinde
1507 1675 1654 1755 afficiant,
1707 1725 1711 1734 .

97 1759 213 1821 ratione
234 1755 425 1839 Aposiolica,
447 1771 497 1817 aut
519 1755 577 1815 alia
631 1755 712 1816 uavis
742 1752 830 1812 firmi·
872 1769 906 1813 ac
925 1752 946 1811 st
967 1749 1026 1813 illis
1085 1749 1235 1817 rsonaliter
1257 1754 1398 1818 intimata
1419 1755 1550 1819 fuissent.
1623 1772 1626 1782 ’

97 1837 287 1907 eroboraris,
313 1835 441 1904 slatutis,
472 1832 587 1895 consuet
628 1832 721 1895 inibus
741 1833 831 1894 etiam
911 1831 941 1907 §.
966 1853 1016 1906 ²5·
1069 1831 1181 1912 uodque
1202 1831 1318 1897 illarum
1338 1834 1541 1919 transumptis,
1563 1837 1655 1901 etiam

97 1912 346 1988 memorabilibus,
368 1910 532 1993 Privilegiis
560 1931 703 1994 quoque,
740 1911 831 1975 indul·
874 1910 1035 1993 impressis,
1065 1931 1152 1973 manu
1184 1913 1306 1976 Notarii
1337 1914 1444 1997 publici
1475 1914 1654 1999 subscriptis,

97 1995 153 2056 ,δι
175 1991 297 2055 Litteris
317 1990 407 2054 etiem
439 1990 635 2073 Apollolicis,
668 1990 714 2056 seu
743 1992 834 2055 etiam
876 1992 907 2053 dr
927 1991 1022 2072 sigillo
1044 1991 1162 2064 alicujus
1185 1991 1311 2055 Persona
1332 1996 1362 2056 in
1393 1995 1586 2060 Ecclesiastico
1613 1997 1657 2058 di·

97 2072 164 2153 giis,
189 2071 222 2133 δι
252 2069 454 2154 Imperialibus
488 2070 592 2135 eisdem
623 2071 753 2149 Judaeia,
787 2074 834 2136 vel
895 2069 988 2136 uitare
1009 2072 1169 2134 conllitutae
1189 2072 1350 2146 muniris,''
1361 2074 1459 2136 eadem
1491 2074 1603 2156 prorsus
1624 2077 1656 2137 sr-

97 2153 214 2216 idelibus
235 2150 410 2233 quibuslibet
430 2151 564 2233 fingulis,
598 2170 648 2216 aut
669 2173 767 2216 eorum
789 2152 831 2215 U·
872 2092 921 2214 des
941 2152 970 2213 in
994 2151 1124 2226 Iudicio,
1145 2151 1177 2214 δι
1197 2168 1278 2215 extra
1299 2151 1368 2215 illud
1386 2154 1572 2230 adhibeatur,
1594 2175 1658 2248 qua

97 2231 260 2297 ersrtatibus
278 2231 521 2314 quomodolibet,
555 2233 586 2295 δι
620 2254 655 2296 ex
686 2232 833 2316 quibusvis
874 2232 938 2315 ipsis
958 2230 1140 2314 praesentibus
1161 2230 1401 2309 adhiberetur,si
1430 2232 1524 2298 forent
1546 2234 1659 2297 exhibi-

97 2316 154 2390 srs,
177 2314 269 2377 etiam
291 2312 434 2395 publicis,
456 2310 647 2395 gravissimis,
680 2315 711 2376 ἀ
732 2335 833 2397 urgen—
877 2330 930 2386 tae,
954 2311 1001 2375 vel
1023 2309 1118 2376 oslens
1146 2354 1154 2374 .
1453 2373 1457 2382 ,

96 2394 180 2470 imis,
201 2411 287 2474 atque
308 2393 396 2459 etiam
427 2392 517 2457 titulo
546 2392 684 2468 oneroso,
721 2394 836 2457 &vim
916 2394 944 2468 §.
968 2394 1015 2451 26.
1038 2390 1123 2454 Nulli
1144 2412 1174 2455 er
1194 2413 1213 2455 o
1234 2395 1356 2457 omnino
1385 2395 1538 2459 hominum
1571 2395 1658 2459 liceat

97 2475 211 2538 rtradlus
232 2475 301 2536 hinc
324 2475 388 2537 inde
409 2472 576 2553 obligatorii
596 2473 747 2536 inducente
767 2495 834 2535 con·
875 2472 1014 2553 paginam
1035 2471 1107 2533 hanc
1129 2416 1226 2534 notlrae
1245 2473 1494 2555 confirmationis,
1516 2475 1656 2558 approba·

97 2555 147 2630 lrs,
168 2575 231 2633 quar
250 2571 391 2635 quatenus
414 2555 443 2614 in
472 2552 677 2616 detrimentum
699 2551 832 2615 Carboli-
875 2551 980 2623 tinnis,
1005 2549 1231 2624 innovationis,
1263 2552 1485 2630 declarationis,
1520 2556 1657 2619 extensio·

108 2634 211 2709 Fidei,
242 2653 329 2714 quam
360 2632 495 2695 humanis
526 2630 682 2710 quibusque
711 2629 831 2694 rationi·
873 2629 935 2701 nis,
958 2632 1163 2704 statutorum,
1189 2630 1400 2710 Decretorum,
1435 2635 1657 2710 mandaturum,

97 2759 98 2768 r
127 2715 303 2795 quicumque
342 2710 425 2777 debet
487 2710 593 2775 raserre
633 2711 829 2787 Christianus,
871 2707 1047 2787 sanslionis,
1068 2711 1282 2788 ordinationis,
1307 2731 1536 2796 praceptorum,
1557 2714 1658 2779 admo·

97 2794 270 2857 >modolibet
290 2811 436 2873 vergant,
509 2792 543 2853 ad
564 2790 695 2857 effeslum
716 2791 831 2854 dumta-
872 2790 1022 2870 nitionis,
1058 2791 1340 2870 commendationis,
1373 2795 1568 2869 irritationis,
1599 2792 1657 2858 cas·

97 2873 302 2957 &praesentium
331 2872 499 2945 cassamus,
530 2873 562 2932 &
592 2871 767 2942 irritamus,
799 2889 832 2931 ac
873 2867 1009 2944 sationis,
1029 2870 1241 2950 derogationis,
1272 2874 1303 2934 δι
1337 2874 1523 2937 voluntatum
1556 2874 1657 2936 infrin-

97 2953 138 3026 la,
161 2954 192 3017 δι
212 2952 296 3014 irrita
316 2952 367 3014 esse
387 2952 584 3022 decernimus,
605 2947 724 3029 aliisque
737 2949 835 3010 omni?
872 2967 955 3024 gere,
978 2950 1023 3011 vel
1046 2949 1073 3010 ei
1093 2948 1162 3011 ausu
1183 2951 1336 3012 temeratio
1356 2954 1522 3015 contraire.
1543 2953 1573 3014 Si
1593 2953 1659 3033 quis

97 3033 174 3093 rsub
193 3028 420 3110 quibuscumque
440 3028 593 3093 verbomm
614 3027 780 3101 tenoribus,
802 3029 834 3091 &
873 3043 971 3088 aurem
994 3027 1048 3089 hoc
1070 3045 1213 3091 attentare
1235 3029 1459 3114 praesumpserit,
1483 3030 1657 3113 indignatio·

97 3110 155 3171 mis
173 3106 396 3203 quomodolibet
417 3108 447 3171 in
475 3107 651 3172 contrarium
682 3108 834 3191 praemisso·
875 3125 942 3169 nem
962 3104 1184 3189 omnipotentis
1206 3105 1278 3183 Dei,
1312 3110 1342 3171 δι
1372 3111 1527 3173 Beatorum
1559 3112 1656 3187 Petri,

97 3211 122 3252 m
144 3188 245 3265 edatis,
267 3187 461 3264 confirmatis,
485 3189 516 3251 δι
537 3188 700 3252 innovaris.
722 3187 836 3262 Quibus
873 3187 905 3248 &
927 3184 1010 3249 Pauli
1030 3186 1240 3268 Apostolorum
1272 3189 1332 3260 ejus
1362 3186 1388 3250 se
1418 3192 1533 3255 noverit
1563 3190 1658 3256 incur-

97 3268 207 3344 rnibus,
225 3269 255 3331 ἃ
285 3269 427 3350 singuiis,
463 3267 575 3331 etiamst
604 3287 656 3350 pro
686 3265 837 3329 sufficienti
878 3263 997 3328 surum.

97 3370 172 3413 orum
194 3349 377 3429 derogatione
410 3346 553 3422 de·illis,
582 3366 737 3427 eorumque
765 3346 838 3409 totis

97 3430 222 3504 roribus,
244 3427 390 3513 specialis,
413 3426 559 3513 specifica,
582 3427 725 3512 expressa,
746 3428 777 3489 dt
791 3424 833 3487 im
875 3429 990 3489 Datum
1007 3431 1096 3491 Rome
1114 3426 1190 3509 apud
1208 3426 1340 3492 Sassiam
1361 3433 1474 3493 Petrum
1503 3436 1582 3492 Anno
1613 3436 1659 3494 sn·

97 3507 192 3587 tldua,
213 3530 244 3573 ac
264 3510 299 3573 de
318 3509 406 3575 verbo
427 3508 463 3571 ad
493 3510 635 3581 verbum,
657 3528 715 3570 non
737 3523 833 3570 autent
917 3510 1084 3570 carnationis
1104 3510 1257 3570 Dominicae
1287 3510 1429 3585 millestmo
1453 3512 1659 3652 septingentesi-

96 3613 109 3653 r
128 3589 259 3654 clausulas
277 3590 420 3671 generales
442 3588 518 3651 idem
540 3589 732 3671 importantes
753 3607 832 3649 men·
912 3609 957 3650 reto
977 3604 1092 3668 quarto,
1112 3591 1207 3667 quinto
1227 3588 1294 3656 ides
1323 3595 1429 3654 svsartir'
1440 3634 1450 3667 ‚

97 3693 128 3747 r,
149 3670 192 3734 seu
240 3669 325 3734 uaevis
353 3671 411 3733 alia
440 3667 577 3753 expressio
607 3666 752 3742 socienda,
784 3684 833 3730 aut
881 3690 886 3698 ¹
915 3668 1007 3746 Nostri
1025 3690 1095 3730 anno
1113 3686 1234 3749 quarto.

97 3773 118 3814 a
135 3690 268 3833 erquillta
297 3748 390 3813 forma
418 3749 461 3812 ad·
486 3749 542 3812 hoc
574 3746 709 3814 seruanda
737 3747 834 3824 soret,

97 3853 176 3897 orum
196 3830 346 3908 omniurn,
369 3832 400 3894 δι
421 3830 594 3910 singulorum
625 3846 755 3902 tenores,
777 3826 833 3890 sor·
916 3829 1130 3903 canonicatus,
1152 3829 1335 3907 Praebendae,
1365 3853 1397 3895 ac
1429 3833 1467 3896 Di
1490 3835 1592 3901 nitates
1626 3833 1657 3895 in
1680 3857 1717 3898 22

97 3933 143 3984 as,
163 3914 191 3976 dt
209 3911 384 3985 occasiones,
406 3932 439 3974 ac
460 3909 516 3971 alia
536 3909 625 3973 etiam
648 3907 763 3990 speciali
783 3929 831 3970 er·
872 3907 1094 3971 Cathedralibus
1115 3909 1275 3984 Ecclesris,
1307 3857 1533 3998 principatelque
1563 3914 1592 3976 di
1615 3914 1657 3974 ni·

97 3991 196 4058 ellrone
214 3991 301 4073 digna
321 3990 501 4074 presentibus
521 4009 573 4073 pto
594 3988 695 4071 plene,
728 3989 758 4050 ἃ
780 3986 831 4050 sus·
873 4005 949 4053 tetes
969 3987 998 4048 in
1021 3988 1206 4070 collegiatis,
1230 3989 1379 4057 exilientes
1408 3994 1437 4056 in
1461 3994 1569 4076 Regnis
1588 3936 1659 4057 dor-

97 4075 188 4138 :ientet
205 4070 357 4155 expressis,
379 4069 510 4146 insertis,
532 4072 562 4133 dt
596 4067 716 4132 servatis
747 4066 836 4149 respe·
878 4067 1021 4163 rugalliae,
1044 4069 1075 4129 &
1096 4069 1304 4151 Algarbiorum
1326 4092 1383 4134 non
1405 4075 1588 4138 conserantur
1608 4074 1660 4135 ali·

97 4154 138 4217 ive
156 4153 304 4226 habentes,
327 4152 387 4214 illis
407 4152 478 4215 alias
499 4151 528 4212 in
563 4147 612 4212 stro
642 4149 744 4212 robore
774 4169 836 4231 per·
877 4149 981 4229 quibus
998 4147 1127 4287 personis
1146 4151 1322 4234 degenere,
1346 4147 1391 4215 seu
1421 4155 1504 4239 llirpe
1523 4156 1659 4218 Hebtaeo·

97 4232 214 4309 sanioris,
233 4233 269 4296 ed
289 4231 494 4316 premissorum
515 4227 644 4293 effedium
656 4227 836 4314 specialiter,
878 4250 941 4292 rum
963 4229 996 4291 de
1009 4229 1192 4293 tendentibus
1214 4230 1297 4310 usque
1320 4235 1354 4293 ad
1375 4233 1529 4317 septimum
1539 4236 1659 4318 gradum

97 4316 229 4395 :expresse
249 4315 438 4396 derogamus,
461 4332 495 4374 ac
514 4311 680 4392 derogatum
711 4309 764 4371 else
784 4330 835 4373 vo·
879 4309 1031 4372 inclusive.
1052 4311 1179 4372 Clemens
1198 4316 1280 4373 Vsll.
1302 4317 1332 4374 r'n
1355 4319 1467 4378 Litteris
1486 4317 1526 4377 ed
1538 4316 1660 4392 formam

97 4411 182 4466 rmus,
199 4394 350 4477 ceterisque
371 4391 525 4458 contrariis
554 4388 722 4472 quibuscum
745 4412 798 4451 uc.
869 4389 998 4465 Brevis,
1020 4413 1088 4471 quas
1107 4389 1304 4470 confirmavit,
1327 4394 1365 4456 (⁹
1386 4401 1533 4458 innueravr'r
1555 4395 1661 4456 Paulus

111 4473 138 4549 §.
162 4494 205 4550 24.
224 4475 265 4537 Ut
284 4493 380 4539 autem
413 4473 517 4537 endem
570 4469 695 4533 ualentes
723 4410 841 4532 littera
879 4477 912 4534 V.
939 4474 1032 4563 16η.Ι
1051 4493 1096 4552 17.
1111 4477 1263 4552 januarii,
1285 4475 1359 4554 apud
1380 4476 1492 4554 Barbas.
1514 4474 1661 4535 decaron.

97 4552 198 4621 mnibus
218 4553 408 4637 innotescant,
443 4553 534 4636 quibu
548 4571 673 4636 cumque
708 4549 840 4614 lucorum
881 4551 920 4618 (t
941 4553 1054 4634 Digne.
1077 4571 1135 4637 cap.
1161 4575 1205 4635 ¹3·
1226 4580 1255 4622 n.
1270 4555 1320 4691 43.
1351 4654 1373 4709 4
1564 4631 1615 4695 Su

1506 3590 1663 3668 verificatur
