3959 5259
408 191 1433 295 tuuuuouurrn,nnt.v.
1589 231 1678 316 497

116 307 271 372 lucrantur
288 303 368 369 mille
391 302 451 367 dies
474 302 744 383 indulgentiarum.
766 305 813 367 ita
834 305 905 368 Em·
945 323 1014 368 curu
1038 303 1149 385 ingenti
1172 304 1360 370 multitudine
1384 308 1595 389 Angelorum,
1632 318 1663 377 δι
1684 316 1734 378 sta.

116 389 234 452 tnanuel
254 385 426 466 Rodriquez'
453 384 542 465 ρπβ.
564 405 612 465 95.
644 386 720 469 apud
742 385 839 468 Sunig.
872 387 906 452 de
943 388 1002 448 tim
1035 384 1147 447 summa
1175 405 1242 447 cum
1264 385 1418 465 Religione
1447 389 1596 455 delubrum
1629 395 1734 476 ingres.

117 471 302 534 sacramentis
321 467 386 544 deli.
410 487 458 547 ις.
477 464 566 548 quali.
588 489 616 548 3.
638 490 714 531 mem.
735 466 766 530 8.
790 469 902 531 Kazen-
945 464 990 530 sus
1018 487 1084 528 curn
1115 466 1243 548 primum
1275 465 1449 536 ineffabilem
1480 468 1562 533 iliam
1583 474 1656 544 filii
1679 474 1735 539 Dei

56 575 100 635 49
122 553 220 630 berger
254 550 305 614 loe.
330 554 380 612 cit.
401 571 477 611 num.
503 547 570 610 108.
593 548 754 614 Audientet
773 547 902 613 Concin-
942 547 1151 626 Maiestatem,
1173 547 1362 610 &Gloriam
1384 547 1552 631 aspexisset,
1573 572 1643 619 ante
1664 575 1734 619 con·

117 652 184 700 nem
208 629 343 694 Fratrum
366 629 543 702 Minorum,
571 627 757 710 aliorumque
779 630 903 710 Regula·
947 626 1075 709 specium
1096 633 1158 704 eius
1179 628 1398 710 procubuisset,
1430 652 1553 715 eumque
1575 636 1732 714 maxima,

116 715 195 780 rium
225 710 479 795 privilegiatorum
509 711 656 774 lucrentur
688 709 904 791 indulgentiam
945 729 1004 789 qua
1017 707 1136 793 potuit,
1156 709 1248 771 animi
1263 709 1467 779 submilironu.
1488 735 1521 778 ac
1538 713 1646 797 pietate
1666 718 1733 781 ado.

115 793 284 876 quiodecim
315 811 482 867 annorum,
519 813 557 854 ex
584 788 764 864 conuellunt
795 791 906 875 Grego·
948 791 1048 866 tanet,
1070 792 1139 854 srcut
1161 787 1307 872 sequitur,
1340 792 1424 854 elici
1446 793 1574 857 Chrillus
1595 795 1731 875 locutus,

118 873 155 942 rii
180 875 233 938 ill.
256 873 332 1017 :pud
353 872 553 953 Kazenberger
582 874 633 934 loc.
657 876 735 935 citat.
756 894 833 935 nune.
854 893 904 951 95.
947 869 1008 934 ibi:
1038 877 1134 959 Quem
1155 873 1292 936 Dominus
1321 869 1506 957 brnigmffime
1525 878 1664 959 appellans
1681 879 1732 940 ad-

118 957 160 1024 Et
191 955 211 1017 st
240 974 253 1022 t
284 976 329 1018 em
360 955 529 1018 concionem
561 954 591 1020 in
618 952 750 1017 Eccleiis
780 952 903 1035 Regulu-
944 956 1069 1028 monuit,
1099 973 1131 1015 ut
1150 952 1188 1014 ab
1209 977 1238 1015 eo
1258 952 1371 1033 aliquod
1390 953 1553 1032 &relietum
1571 977 1621 1039 pro
1637 961 1734 1036 salure

116 1039 194 1100 tium
223 1036 342 1100 audiant
377 1033 447 1098 ferie
470 1054 497 1094 2.
519 1054 549 1109 4.
570 1035 602 1096 dt
624 1038 652 1095 ό.
674 1033 903 1115 Quadragelimae
930 1032 1083 1108 ,hominum
1099 1052 1222 1115 peteret.
1244 1039 1285 1095 At
1306 1034 1355 1097 ille
1374 1033 1489 1118 aeljurus
1503 1044 1655 1118 patrocinio
1666 1046 1731 1103 Ma·
1782 1069 1795 1078 f

117 1118 267 1182 lucrantur
295 1112 508 1197 indulgentiam
539 1133 654 1177 centum
685 1113 809 1209 triginta
823 1114 907 1207 tollo
946 1118 1017 1190 erit,
1049 1117 1127 1258 copus
1144 1134 1221 1195 opem
1241 1116 1464 1196 imploraverat,
1490 1121 1608 1201 supplere
1622 1127 1729 1204 petiit,
1788 1199 1789 1202 Ἴ

115 1219 259 1266 unitorum
278 1217 316 1266 ex
333 1193 514 1264 concessione
530 1194 714 1268 Alexandri,
737 1195 767 1258 dr
788 1196 818 1255 N
823 1194 908 1260 tcolai
944 1213 979 1256 ur
999 1199 1075 1261 omni
1092 1220 1125 1258 us
1145 1196 1293 1272 Ecclesiam
1314 1198 1397 1258 illam
1417 1203 1615 1263 introeuntibus
1641 1224 1730 1264 concr-

118 1282 181 1345 ΙΙΙ.
203 1279 390 1350 innocentii,
418 1276 631 1340 &Alexandri
655 1276 711 1338 lv.
733 1274 763 1338 ἃ
787 1276 903 1342 Benedi-
942 1277 1021 1339 deret
1039 1281 1173 1353 veniam,-
1197 1277 1234 1339 Θ
1248 1276 1450 1358 indulgentiam
1469 1285 1590 1343 omnium
1607 1300 1734 1364 peccato·

115 1361 155 1424 tii
176 1363 232 1423 XI.
253 1361 330 1442 apud
350 1359 463 1421 Vivam
483 1361 514 1419 e‘n
534 1355 690 1440 Appendice
712 1357 800 1418 indul
817 1361 903 1418 entia-
943 1378 1006 1421 rum
1019 1361 1151 1438 suorum,
1184 1369 1298 1440 quorum
1318 1360 1510 1438 Conseffionem
1530 1367 1674 1428 Sacerdoti
1687 1366 1731 1442 [e.

116 1462 179 1506 ruat
198 1444 229 1521 §.
249 1444 344 1504 teltim.
367 1441 384 1475 ¹*
407 1439 451 1502 De
472 1437 664 1519 indulgentiis
686 1457 782 1500 conce
806 1453 829 1501 rt
857 1435 899 1499 os·
941 1441 1055 1521 ciffinr.
1080 1440 1231 1523 Respondit
1239 1443 1376 1502 Dominus
1395 1440 1428 1503 id
1442 1442 1500 1518 sibi
1515 1445 1642 1525 placere,
1660 1464 1732 1528 pre.

116 1523 281 1590 cultoribus
301 1521 435 1585 habitum
456 1520 644 1599 Regulurium
668 1522 766 1604 (Vide
782 1520 848 1600 sup.
869 1541 899 1581 n.
939 1525 1061 1603 cepitque
1079 1524 1126 1583 illi
1136 1567 1144 1596 ,
1166 1541 1198 1582 ut
1218 1523 1277 1604 ejus
1296 1526 1436 1586 Vitorium
1455 1526 1564 1601 adiret,
1587 1526 1626 1590 (u
1642 1524 1684 1594 ab
1705 1550 1735 1592 ee

116 1608 203 1684 ut.)
243 1607 275 1668 δι
304 1602 471 1670 eorumdem
503 1601 691 1682 Regularium
720 1600 902 1664 Contionem
938 1603 990 1681 suo
1011 1607 1118 1666 nomine
1138 1603 1221 1665 illam
1241 1606 1447 1684 indulgentiam
1467 1606 1630 1686 pullularet.

114 1686 298 1754 audientibus
327 1683 463 1759 dubitare
492 1703 551 1745 non
590 1682 694 1748 ieviter
724 1680 838 1745 videtur
869 1683 904 1744 P.
984 1683 1172 1766 indulgentia
1192 1684 1321 1766 plenaria
1349 1684 1477 1754 concessa
1508 1688 1647 1770 primitus
1699 1707 1730 1750 ro
1751 1709 1789 1771 5¹

116 1768 268 1831 Minderer
294 1784 371 1848 pare.
395 1788 422 1827 1.
445 1764 556 1842 Confer.
579 1784 608 1843 3.
638 1762 743 1842 Collig.
764 1782 795 1840 4.
826 1785 903 1824 num.
944 1762 1007 1859 ipsa
1030 1762 1089 1826 iola
1109 1763 1236 1839 Ecclesia
1251 1765 1442 1829 Portiunculae
1463 1768 1604 1850 aptioris
1626 1707 1730 1849 velpe-

118 1873 189 1926 251·
212 1851 251 1911 (t
267 1866 347 1929 part.
360 1866 387 1908 2·
399 1847 508 1924 Confer·
519 1845 548 1905 8·
560 1844 725 1927 Colligam
749 1868 777 1904 n·
791 1863 861 1922 501·
885 1842 903 1879 ¹*
945 1864 984 1907 rrs
1016 1845 1213 1908 Kalendarum
1237 1847 1388 1925 Augulli,
1418 1846 1505 1929 usque
1535 1849 1569 1908 ad
1592 1846 1734 1930 Vesperus

113 1930 204 1993 Tales
225 1927 459 1996 concionaretur
478 1923 663 2006 Regulum,
694 1940 727 1987 ut
757 1946 792 1987 ex
815 1920 901 1985 east·
941 1922 1087 2006 sequentis
1117 1926 1203 1998 diei,
1237 1928 1401 1990 extenditur
1431 1929 1459 1989 in
1491 1947 1663 2012 perpetuum
1696 1928 1734 1991 ad

87 2012 181 2091 nub.
205 2010 364 2083 Miranda,
386 2009 418 2071 δι
439 2008 534 2070 Diana
554 2007 645 2069 tradit
665 2004 784 2079 Gobat,
817 2002 900 2065 troil.
943 2026 1046 2076 omnes
1070 2006 1208 2069 Ecclesras
1230 2007 1349 2080 Ordinis
1371 2008 1477 2090 ubique
1509 2011 1659 2075 existentes
1680 2029 1735 2092 pro
1770 2009 1776 2086 ’ζ

116 2115 147 2168 4.
170 2091 205 2168 ele
226 2089 381 2173 indulgeat.
403 2112 428 2152 c.
451 2091 499 2164 28.
520 2113 549 2150 n.
574 2091 641 2166 5⁶1.
670 2083 762 2149 utiam
785 2085 904 2166 quando
945 2087 1065 2150 secunda
1095 2087 1140 2158 die
1165 2088 1285 2166 Augulli
1317 2088 1457 2164 oprimis
1478 2090 1613 2175 Vesperis
1643 2089 1734 2173 usque

116 2171 329 2236 concionantur
351 2159 603 2252 entraTemplum
626 2164 816 2238 suiOrdioit,
839 2163 901 2248 pos-
944 2169 980 2232 ud
1011 2166 1144 2232 occasum
1167 2167 1242 2232 Solis
1272 2167 1328 2230 diei
1352 2168 1539 2247 hujusm0ffi,
1572 2172 1734 2237 dummod,
1785 2171 1789 2188 *

116 2250 182 2314 sunt
224 2251 296 2316 rost
340 2251 394 2314 ulis
405 2249 594 2315 concionibus
616 2246 764 2332 impertiri
785 2244 842 2309 iuis
854 2268 905 2312 eu·
943 2248 1084 2313 luctaturi
1116 2247 1222 2316 fuerint
1253 2247 1462 2323 multllm-⁷&
1483 2253 1569 2326 sactu
1588 2254 1733 2316 commu.

115 2272 258 2398 diroriiru
281 2333 316 2395 In
339 2332 480 2414 uigenties
515 2332 561 2396 18.
582 2349 751 2406 annorum,
782 2328 818 2423 &⁸
836 2349 904 2391 222.
946 2331 1035 2395 nione
1066 2328 1189 2406 referti,
1221 2345 1254 2392 ut
1284 2346 1406 2413 apparet
1434 2332 1465 2394 in
1492 2330 1626 2415 *sequenti
1649 2331 1734 2397 Bone

116 2413 249 2489 dierum,
281 2414 442 2478 dummodo
463 2413 585 2496 etprelie
603 2411 732 2487 addant,
763 2407 789 2473 se
811 2408 839 2472 td
861 2408 901 2472 ia·
940 2410 1081 2493 Gregorii
1101 2411 1173 2474 XV.

111 2514 178 2558 cere
199 2495 320 2558 nomine
343 2495 515 2558 Pontificio.
816 2551 821 2560 .

46 2597 89 2656 50
161 2576 347 2656 indulgentia
366 2571 562 2638 Portinncuiae
582 2569 769 2634 Allisratensts
788 2570 825 2629 eil
847 2570 903 2628 int·
1064 2569 1309 2634 GREGORIUS
1331 2571 1444 2636 PAPA
1464 2573 1533 2636 XV.
1555 2573 1613 2640 &o

110 2656 240 2720 mediene
269 2655 422 2718 aChriiio
443 2651 575 2714 Domino
595 2648 722 2714 concello
741 2691 749 2708 .
783 2648 831 2707 ira
854 2646 904 2712 Be·

109 2736 325 2799 neditluciiii.
347 2731 423 2814 apud
445 2727 636 2794 Calarultbios
657 2728 736 2792 verb.
760 2726 907 2807 indulgen.
997 2728 1122 2798 Plenam
1152 2729 1281 2800 pamm
1313 2730 1443 2812 gumiz,
1485 2732 1538 2828 qui
1570 2731 1619 2794 sua
1646 2753 1733 2800 mun,

92 2822 162 2882 'rie
182 2816 275 2897 quoad
295 2815 441 2879 seruaret
460 2813 490 2887 §.
516 2831 542 2871 1.
564 2823 703 2888 num-13.
722 2807 824 2870 Gobar
840 2825 905 2888 par.
1015 2810 1084 2880 dunt
1108 2808 1256 2876 illuminat
1277 2809 1414 2878 ineffabili
1436 2811 1589 2887 claritate,
1613 2812 1662 2894 pio
1681 2834 1734 2877 uo·

114 2920 147 2960 2.
168 2898 204 2957 de
226 2897 382 2978 indulgent.
404 2909 505 2969 capp.
527 2887 647 2951 March.
680 2889 713 2949 in
728 2890 907 2967 portiuncula
945 2889 1144 2962 infidelium
1174 2890 1210 2958 de
1238 2887 1378 2962 clementi
1409 2896 1470 2965 ejus
1491 2894 1645 2965 Maiestate
1674 2892 1734 2976 spe,

115 2976 306 3058 Theologita,
328 2973 368 3036 (9
390 2971 532 3051 ltr'llorita,
553 2965 747 3034 Mattheucci
767 2967 907 3044 officialis
947 2970 1104 3046 rentium,
1134 2986 1205 3033 tunc
1259 2972 1366 3052 ecipue
1400 2972 1525 3054 benigno
1545 2972 1646 3036 favore
1666 2995 1733 3052 pro·

114 3062 214 3122 curie
245 3075 307 3137 rap.
327 3055 374 3114 τό.
405 3075 480 3115 num.
505 3071 532 3129 ς.
553 3047 753 3130 Kazeuberget
785 3050 835 3113 loc.
856 3055 907 3116 tir.
948 3048 1097 3132 sequitur,
1125 3070 1192 3116 cum
1236 3069 1325 3116 crota
1346 3049 1470 3134 ipsorum
1493 3053 1645 3120 humilitus
1665 3058 1735 3121 San·

45 3162 85 3220 51
113 3162 194 3202 nam.
216 3160 264 3215 97.
286 3136 318 3198 δι
340 3131 391 3195 aiii
412 3131 542 3217 puffim·
574 3131 629 3194 Per
659 3127 734 3192 hanc
755 3129 905 3212 indulgen·
946 3130 1061 3196 6iorum
1083 3132 1241 3214 meudun,
1271 3132 1302 3195 δι
1326 3131 1437 3197 meritis
1457 3134 1639 3209 adjuvatur.
1671 3139 1735 3200 Vo-

118 3220 198 3284 tiam
222 3215 421 3288 Portiuncule,
453 3212 497 3277 uti
518 3211 637 3293 pulchre
656 3208 740 3276 docet
757 3211 905 3293 turdeqm.
947 3210 1040 3282 lentes
1062 3214 1151 3294 igitur
1171 3233 1292 3286 omnes,
1320 3214 1352 3278 δι
1373 3214 1494 3293 ungulus
1517 3215 1655 3279 Ecclesras
1676 3220 1733 3278 Or·

113 3322 175 3378 que
206 3294 434 3382 Sapientilitmus
465 3292 554 3358 Cerd.
576 3291 771 3360 bellarminus
799 3290 853 3356 lib.
878 3315 907 3360 2.
945 3291 1024 3357 dinis
1055 3295 1191 3358 Fratrum
1219 3293 1316 3362 sancti
1338 3294 1483 3358 francisci
1515 3299 1550 3360 de
1569 3295 1733 3361 Observata

112 3382 154 3443 de
177 3380 331 3462 indulgeat.
355 3394 413 3454 cap.
437 3395 485 3439 eo.
504 3373 537 3436 ue
557 3394 592 3438 ex
622 3371 685 3455 ipso
706 3373 909 3455 Kecenberger
948 3372 1023 3449 ria,
1050 3374 1140 3442 etiam
1163 3372 1431 3451 nefornutmum,
1461 3375 1565 3458 ubique
1585 3377 1736 3442 existente,

113 3466 170 3527 loc.
193 3463 242 3526 cit.
264 3485 341 3524 num.
361 3459 410 3537 98.
432 3458 488 3520 trie
508 3453 626 3534 Fidei,
648 3454 679 3518 &
701 3451 832 3520 Ecclesiae
852 3457 909 3519 Cu·
949 3454 1050 3539 aliquo
1073 3454 1214 3538 spirituali
1238 3474 1357 3520 munere
1380 3454 1542 3531 iliuilrare,
1573 3457 1608 3520 de
1627 3458 1735 3524 Omni·

114 3543 238 3610 tltolicae
259 3542 398 3625 dogmata
417 3534 646 3602 confirmantur:
678 3533 809 3602 Primum
831 3533 907 3600 scili.
946 3537 1079 3619 patentis
1101 3535 1157 3606 Dei
1186 3533 1409 3609 misericofdffi
1440 3555 1472 3600 ,c
1496 3536 1649 3602 Remum
1681 3539 1732 3603 pe,

113 3643 167 3692 cut
188 3628 223 3688 de
246 3624 485 3707 indulgentiarum
505 3616 665 3696 existentia,
687 3617 849 3682 Secundum
870 3618 907 3679 de
947 3616 1017 3692 tri,
1058 3616 1191 3689 &Pauli
1222 3616 1428 3700 Apostolorum
1469 3620 1528 3693 ejus
1564 3618 1736 3686 auclorieure

74 3708 89 3728 '
113 3711 244 3772 Romani
263 3701 408 3780 Pontificit
427 3700 608 3774 anlioet'tetr,
628 3695 837 3778 quiaCitrilius
848 3697 908 3764 Do·
949 3696 1075 3773 confilr,
1109 3697 1247 3772 orionibus
1267 3696 1414 3780 utriusque
1436 3697 1516 3762 setus
1537 3698 1644 3762 Cirrisli
1666 3698 1734 3764 lide·

112 3789 219 3852 minut
248 3784 433 3870 pracepit'S.
455 3783 488 3845 P.
511 3781 554 3842 N.
577 3777 757 3854 francisco,
792 3794 825 3841 ut
845 3782 907 3852 eim
949 3777 1027 3844 libus
1046 3778 1365 3862 oere‘ponitenriboe,
1396 3779 1426 3841 dt
1446 3777 1599 3854 conieffis,
1629 3801 1663 3842 ac
1685 3781 1734 3843 Sa·

114 3869 278 3932 vicarium
301 3868 417 3939 aditet,
453 3862 543 3924 &ab
564 3879 600 3924 eo
621 3857 671 3924 suo
692 3857 906 3926 nominelrauc
946 3880 998 3922 cru
1019 3860 1241 3928 Communio'ne
1262 3858 1389 3934 referris,
1410 3860 1461 3941 qui
1482 3859 1611 3940 aliquam
1633 3883 1668 3924 ex
1691 3859 1733 3926 di·

111 3949 333 4031 iuduigeutiem
356 3944 540 4028 pullularet,
569 3941 601 4004 dt
621 3940 757 4005 Tertium
778 3942 815 4003 de
834 3947 905 4005 Cart·
948 3941 1002 4005 rtis
1023 3940 1158 4006 Ecclefiic
1179 3940 1209 4002 in
1230 3938 1352 4005 secunda
1371 3939 1419 4003 die
1450 3941 1550 4004 mensis
1573 3940 1736 4022 Augurlia

105 4033 235 4111 feffionit
256 4029 417 4092 anicularis
436 4026 603 4103 necesitate,
634 4020 704 4103 quin
723 4022 759 4085 ad
780 4041 844 4084 eam
868 4023 912 4087 lu·
950 4022 1056 4164 primis
1077 4020 1210 4104 vesperis
1243 4019 1329 4102 usque
1360 4020 1395 4084 ad
1421 4021 1556 4084 occasum
1580 4021 1645 4084 solis
1663 4020 1734 4094 ,diei

112 4112 256 4177 trandum
287 4109 443 4192 requiritur
472 4102 620 4171 consulito
650 4121 836 4185 peccatorum
858 4104 909 4166 Sa·
973 4101 1115 4179 ujulmotii
1147 4102 1263 4182 iugulis
1283 4102 1365 4164 annis
1394 4102 1499 4166 devote
1530 4101 1732 4176 vifitaucrior,

112 4194 231 4258 cerdoti
252 4191 353 4266 fetu,
383 4188 461 4272 quod
482 4205 579 4252 totum
603 4200 682 4268 petet
702 4207 739 4248 et
761 4186 910 4248 Breviorio
948 4182 983 4248 δι
1004 4184 1045 4248 ibi
1073 4203 1128 4265 pro
1149 4183 1381 4246 Christianorum
1414 4183 1581 4262 Principum
1613 4202 1731 4244 concor·

113 4276 306 4356 Feanciscareu
325 4271 476 4351 lellion.5.=
495 4268 535 4330 tul
554 4266 628 4328 diem
651 4286 680 4328 2.
701 4271 747 4327 Aa
765 4265 834 4341 usti,
858 4266 907 4330 ubi
947 4264 1014 4341 dit,
1035 4263 1171 4328 herulum
1189 4263 1408 4346 extimatione,
1440 4284 1474 4325 ac
1496 4262 1602 4326 senno
1623 4261 1733 4324 Martie

113 4356 258 4438 iegiturt
282 4355 453 4436 quodcum
479 4351 605 4432 quedam
639 4346 722 4411 nolle
741 4290 910 4429 ieraphicue
951 4345 1087 4420 Ecclesia,
1114 4345 1321 4421 exultatione,
1355 4344 1418 4427 pias
1445 4345 1482 4406 ad
1514 4343 1608 4407 Deum
1636 4361 1730 4424 preces

113 4439 153 4500 P.
166 4438 212 4498 N.
223 4413 389 4499 fritericus
409 4448 506 4497 oraret
525 4433 557 4494 io
572 4427 739 4492 habitaculo
761 4427 810 4490 luo
823 4426 906 4491 dine
949 4424 1119 4499 effuderint,
1142 4425 1300 4508 plenariam
1315 4424 1447 4487 omnium
1469 4441 1653 4506 peccatorum
1668 4421 1730 4486 suo·

114 4517 258 4582 Eccieiae
279 4515 471 4580 Portiunculae
489 4512 647 4611 poorimo,
669 4511 700 4572 lit
720 4510 748 4572 ei
770 4506 906 4589 significa·
949 4528 1014 4572 rum
1037 4507 1267 4588 indulgentiam,
1298 4507 1328 4569 ἃ
1349 4502 1544 4568 remiiiionnm
1571 4502 1730 4567 misericor·

111 4619 187 4664 rum
219 4598 285 4662 eliet
307 4597 459 4662 Divinitm
489 4617 518 4657 tu
541 4590 601 4672 ipsa
621 4590 822 4654 Eccleiiaelie
845 4588 905 4651 Do-
947 4588 1023 4653 diter
1044 4588 1072 4650 in
1086 4588 1215 4652 Domino
1235 4586 1438 4651 concedimus.
1462 4584 1648 4649 Praelentibus
1668 4606 1730 4662 per·

115 4684 240 4746 minum
261 4677 374 4751 iulum,
404 4676 520 4760 eiusque
540 4671 750 4738 Sauciililmum
771 4670 909 4736 Matrem
949 4670 1046 4752 petuis
1065 4667 1169 4736 suturis
1189 4667 1370 4753 temporibus
1390 4667 1553 4762 ualituris.
1584 4665 1731 4732 Volumus

163 4815 170 4828 .
204 4763 295 4825 Tou.
331 4761 388 4823 IV.
1374 4751 1413 4813 Ir
1574 4764 1690 4823 aurem,
