3959 5259
349 49 1183 199 1Mnnurnn=succinr1asricm
1213 93 1283 179 aa
1312 97 1433 182 aar.
1463 99 1537 182 rii.
1576 40 1692 216 ,ἦ

145 211 312 298 expediat,
342 228 375 271 ui
391 209 430 271 de
449 225 545 271 cetero
567 206 626 270 iiia
657 207 812 271 dumtaxat
833 225 928 272 extra·
969 227 1056 280 cum,
1079 206 1135 269 sive
1157 204 1188 268 in
1210 205 1436 283 criminalibus,
1459 210 1516 275 five
1535 209 1624 274 etiam
1650 214 1678 273 in
1701 212 1753 275 ei.

140 297 254 360 Riones
274 287 488 372 suffragentur,
518 308 581 368 qua
606 277 695 364 ’iam
715 289 860 353 violenter
879 309 929 371 pa·
972 288 1080 351 vilibus
1101 286 1180 368 capti
1200 286 1310 350 suerint
1330 332 1339 362 ,
1362 288 1393 351 dc
1416 288 1444 350 in
1466 311 1589 355 carceres
1610 292 1754 368 conjecti,

139 393 256 450 trata,
286 388 337 434 aut
370 369 421 434 sub
441 368 496 432 fide
517 369 597 433 Salvi
613 369 784 434 *Conduciiis
817 370 852 432 ab
873 371 926 431 ali·
970 367 1005 432 ad
1026 368 1195 432 eludendam
1218 368 1383 444 Juslitiam,
1405 368 1751 455 salsoplerumqueaffir·

70 564 75 572 ·
137 449 926 616 amsllllrd'lbllrillf‘lrr‘lttl‘llr
966 448 1162 594 aaliz?
1185 447 1307 607 libii
1328 448 1752 597 {stl‘issa²¹ll2lrl35l

64 605 70 629 ⁵
135 635 188 683 vtis
210 577 382 676 Condusliit
403 609 548 706 suffragari
570 575 679 695 potdrit
710 633 763 696 pto
793 632 925 695 tempore
966 612 1031 688 bis,
1053 612 1101 675 vel
1122 575 1195 674 alias
1216 608 1314 674 dolose
1335 554 1476 675 ertriiios
1496 577 1597 676 soille:
1630 615 1751 677 dicium·

137 711 260 760 tantum
282 696 370 758 ineo
390 691 577 778 praescripto,
609 692 688 756 intra
707 693 785 789 quod
806 693 929 758 extradii
992 716 1026 756 ue
1048 692 1128 755 suum
1151 693 1278 771 perjurio
1299 692 1470 755 confirmare
1491 692 1632 768 audeant,
1655 716 1688 756 ac
1708 698 1751 757 in-

133 778 172 841 ad
192 776 280 842 Loca
298 775 444 837 immunia
463 773 588 836 omnino
619 791 726 838 reuerti
756 775 929 852 debebunt,
969 714 1051 857 super
1072 770 1507 855 adhibitaconsangiiineorum,
1529 774 1752 838 velamicorum

133 859 157 922 si
186 878 294 924 eotuia
318 853 511 918 Immunitate
541 854 646 916 iterum
681 855 801 938 gaudere
832 858 927 919 interi·
970 854 1085 918 suorum
1107 874 1213 937 opera,
1237 852 1321 916 falsos
1340 854 1423 918 telles
1444 855 1606 930 inducere,
1642 856 1673 917 bi
1694 855 1754 920 alia

135 939 238 1004 dant.
261 937 401 1000 Praeterea
421 935 508 998 iidem
529 935 678 997 Ordinarii
701 955 858 1013 moneant,
882 954 927 1000 at·
969 956 1028 999 non
1051 934 1147 998 minus
1168 934 1345 999 detestabilia
1368 953 1482 1019 patrare
1505 958 1562 999 uon
1585 955 1750 1001 verentur:

139 1041 197 1102 que
220 1016 372 1083 notificent
395 1015 424 1076 in
448 1014 587 1091 ejusmodi
610 1015 734 1092 Editio,
764 1021 872 1099 quod,
904 1017 925 1080 st
965 1016 1143 1093 Quinimmo
1165 1015 1320 1097 aliquando
1343 1016 1455 1099 ipfimet
1475 1015 1559 1092 sunt,
1582 1018 1633 1098 qui
1655 1019 1690 1079 ad
1712 1018 1752 1081 es-

138 1102 207 1182 quis
228 1121 296 1164 vere
316 1095 524 1162 extraslionem
537 1094 655 1172 dolose,
677 1096 821 1193 utsupra,
844 1119 924 1162 com·
967 1097 1072 1160 sesiam
1095 1097 1183 1161 libere
1204 1097 1346 1182 vagandi,
1378 1095 1520 1159 &forsan
1544 1099 1632 1161 etiam
1657 1100 1752 1182 impu·

139 1181 254 1242 missam
295 1196 363 1242 ante
406 1175 671 1260 promulgationem
701 1178 798 1242 Edidii
836 1179 927 1263 passus
972 1199 1008 1243 rie
1029 1177 1232 1258 delinquendi,
1253 1198 1305 1272 per
1327 1179 1530 1254 Baroncellos,
1553 1180 1584 1241 bt
1606 1181 1751 1245 Erecuto·

140 1260 250 1337 fuerit,
272 1282 305 1323 ac
326 1258 530 1321 Immunitatis
549 1257 675 1320 Laicalit
695 1258 835 1323 beneficio
856 1281 927 1342 gau·
968 1279 1041 1335 res,
1075 1257 1184 1322 aliosve
1207 1257 1310 1323 similes
1330 1258 1448 1328 Jussiria
1480 1261 1656 1337 ministros,
1686 1263 1757 1327 data

139 1343 209 1408 dere
233 1341 334 1414 velit,
360 1338 584 1402 Ecclesiasticum
607 1337 776 1421 confugium
799 1360 927 1424 reperere
970 1361 1080 1419 opera,
1102 1340 1138 1401 ab
1148 1338 1302 1415 Ecclesris,
1326 1338 1432 1405 locisve
1455 1340 1632 1405 immunibus
1652 1344 1751 1425 pradi-

138 1421 268 1490 omniuo
289 1423 390 1485 debeat
410 1420 489 1482 intra
510 1418 635 1484 mensem
657 1440 679 1510 a
696 1422 742 1484 die
764 1423 928 1518 promulga·
972 1421 1026 1483 siis
1045 1418 1101 1484 sese
1121 1421 1237 1483 extrahi
1260 1419 1402 1494 fecerant,
1425 1442 1459 1483 ea
1474 1420 1518 1502 spe
1532 1419 1598 1485 sieri
1619 1426 1697 1504 quod
1710 1426 1752 1486 in·

139 1504 236 1570 tionis
268 1504 394 1580 ejudem
425 1498 523 1563 Edicit
553 1505 793 1579 numerandum,
853 1520 928 1566 etito
969 1501 1057 1565 terim
1094 1500 1293 1565 Ecclefiallica
1340 1501 1542 1565 immunitatis
1583 1504 1751 1567 beneficium

138 1588 262 1662 etiam,
292 1601 434 1665 quatenus
453 1601 527 1662 opus
547 1582 610 1657 sit,
640 1581 774 1646 adhunc
796 1605 811 1647 e
834 1584 927 1648 esium
969 1582 1107 1647 amittere
1127 1603 1184 1644 non
1207 1582 1362 1645 deberent.
1385 1582 1465 1644 Hinc
1487 1583 1524 1646 ell
1544 1583 1623 1666 quod
1643 1586 1751 1649 Studii-

137 1667 232 1733 Salro
252 1663 406 1730 Condicio
425 1662 462 1724 ab
483 1662 547 1745 ipfis
566 1662 731 1726 Ordinariis
751 1664 841 1745 gratis
862 1685 929 1727 con·
970 1680 1015 1727 tas
1038 1662 1084 1724 sua
1105 1683 1205 1742 graves
1225 1661 1365 1737 ejusmodi
1386 1661 1512 1739 abusus,
1544 1665 1648 1746 quibus
1669 1667 1753 1737 lulli-

137 1748 292 1817 cedendo;
316 1745 357 1808 ita
377 1763 495 1818 tamen,
529 1759 560 1804 ur
581 1763 616 1806 eo
637 1761 768 1825 ternpore
790 1743 885 1827 elapso
908 1744 935 1806 si.
972 1745 1020 1806 tiae
1040 1740 1136 1806 cursus
1158 1742 1332 1820 inhibetur,
1367 1744 1589 1824 animarumque
1619 1744 1691 1809 salus
1721 1748 1751 1810 in

139 1848 228 1896 extra
248 1827 345 1890 iocum
367 1826 530 1887 immunem
542 1823 842 1905 deprebeasbssuerit,
864 1845 926 1907 per·
967 1822 1118 1887 discrimen
1139 1822 1321 1900 adducitur,
1356 1843 1410 1906 pro
1433 1824 1567 1888 Pallorali
1590 1822 1639 1889 sua
1657 1825 1760 1890 solidi-²

139 1911 211 1975 inde
233 1907 389 1982 habeatur,
410 1926 444 1968 ac
465 1902 485 1964 si
507 1901 691 1977 voluntarie,
712 1903 868 1987 sponteque
878 1904 927 1967 sua
967 1905 1085 1978 tudine,
1109 1902 1275 1984 eximioque
1295 1903 1359 1967 zelo
1380 1949 1389 1980 ,
1413 1927 1429 1968 e
1450 1906 1547 1970 medio
1567 1903 1687 1983 tollere,
1718 1929 1753 1972 ac

140 1992 212 2056 iride
232 1985 408 2063 recessisset,
439 2005 491 2048 nec
512 1983 603 2046 audiri
625 1981 710 2066 posiit
732 1984 813 2066 super
834 2001 928 2052 extra·
971 1986 1109 2050 radicitus
1131 1987 1208 2050 extit
1229 2006 1277 2047 are
1297 1985 1432 2066 cupieris,
1454 1985 1556 2050 audito
1576 1987 1656 2069 prius
1677 2009 1750 2053 non·

139 2067 240 2132 ctione
260 2065 388 2142 dolosa,
423 2085 511 2149 quarn
534 2064 744 2148 dc⁴praeterito
765 2064 792 2131 se
821 2066 927 2149 passum
970 2067 1118 2131 nullorum
1149 2004 1258 2129 Sinde
1291 2065 1431 2128 Ronianae
1462 2068 1593 2131 Ecclefiae
1615 2070 1752 2135 Cardine-

137 2147 224 2211 suilie
255 2146 423 2229 allegaret.
453 2146 597 2227 Pasiaque
626 2146 719 2210 eidem
749 2147 928 2212 Sancliffimo
970 2150 1066 2224 lium,
1089 2170 1121 2210 ac
1142 2150 1281 2213 Romana
1301 2146 1396 2209 Citriae
1420 2148 1639 2226 Praelatorum,
1670 2149 1754 2235 super

136 2228 273 2293 Domitio
295 2229 404 2292 Nossro
445 2249 475 2293 et
496 2248 544 2291 me
566 2226 779 2307 infrascriptum
801 2230 926 2293 Secreta·
971 2231 1026 2292 bac
1048 2250 1078 2292 re
1098 2227 1258 2311 specialiter
1278 2228 1484 2311 deputatorum
1495 2228 1634 2306 consilio,
1658 2232 1751 2296 decre·

136 2310 219 2374 rium
241 2310 275 2373 de
297 2309 395 2393 premi
420 2330 443 2372 is
464 2306 600 2371 omnibus
622 2307 784 2386 relatione,
817 2309 927 2372 Sancti-
969 2312 1016 2372 vir
1038 2328 1088 2392 per
1118 2331 1258 2393 orgarium
1294 2309 1377 2382 hujus
1398 2310 1489 2373 Sacra
1510 2312 1753 2392 congregationis

136 2381 184 2453 rsit
205 2391 266 2454 Sua
285 2389 469 2473 particularia
489 2390 732 2529 conpiegarionis
754 2389 927 2456 sententiam
971 2389 1159 2453 Immunitati
1180 2389 1398 2466 Ecclefiallicae,
1421 2392 1452 2453 ἃ
1474 2391 1687 2456 Controversiis
1707 2398 1751 2468 ju·

135 2470 264 2554 benigne
286 2470 449 2554 probavit,
480 2490 514 2531 ac
565 2467 662 2550 esuper
683 2468 802 2550 praesent
824 2471 927 2534 Decre·
970 2469 1211 2542 risdiciionalibus
1232 2471 1407 2552 praeposita,
1430 2471 1541 2553 injungi
1565 2472 1751 2555 Ainplitudi·

137 2571 205 2616 tuni
231 2551 295 2627 edi,
319 2550 445 2628 illudque
465 2570 484 2611 a
505 2550 591 2612 Sacra
611 2548 846 2629 Congregatione
867 2551 927 2611 Irn-
969 2550 1001 2612 ni
1021 2551 1111 2624 Tua,
1142 2550 1389 2634 quemadmodum
1412 2571 1462 2634 pet
1483 2552 1632 2635 praesentet
1654 2555 1749 2630 injun-

131 2632 281 2696 inunirati
306 2629 535 2706 Ecclesiastico,
563 2627 595 2692 δι
624 2629 825 2695 controversis
845 2628 928 2704 juris·
969 2630 1068 2714 gitur,
1090 2647 1122 2693 ut
1144 2631 1261 2714 publico
1284 2629 1397 2713 speciali
1422 2634 1556 2710 Edicto,
1589 2634 1700 2697 tenoris
1721 2636 1751 2699 in

136 2711 346 2777 disiionalibus
367 2710 518 2807 praeposita
538 2708 717 2791 promulgari
735 2749 757 2786 ,·
776 2710 808 2773 δι
828 2731 928 2774 execti·
970 2710 1105 2786 adjunslo
1128 2710 1200 2775 solio
1221 2711 1341 2795 expressi
1360 2758 1369 2789 ,
1393 2732 1511 2778 moneat
1533 2758 1543 2788 ,
1563 2711 1746 2792 denunciet,

136 2793 218 2858 rioni
246 2793 377 2856 mandari
399 2790 566 2875 pracepit·
587 2789 652 2852 Hac
673 2788 720 2853 die
743 2809 791 2852 22·
804 2788 924 2858 Decem·
968 2810 1056 2874 atque
1075 2792 1225 2869 notificet,
1247 2794 1327 2874 quod
1346 2813 1466 2868 ornnes,
1488 2795 1639 2876 &singuli
1660 2796 1751 2872 cuius·

133 2873 198 2941 bris
224 2877 311 2957 17¹⁶·
968 2874 1207 2953 cumquestatus,
1230 2873 1352 2952 gradus,
1375 2876 1604 2938 &conditionis
1626 2876 1750 2954 sutrina,

966 2953 1024 3036 qui
1041 2952 1104 3014 adiu
1126 2953 1339 3034 confugerunt,
1362 2955 1407 3017 vel
1432 2957 1460 3016 iu
1482 2957 1624 3038 posterum
1647 2955 1750 3021 consti

224 3031 253 3104 δ.
277 3033 318 3098 A.
340 3033 427 3098 Card.
448 3033 612 3100 Taaariur.
989 3035 1050 3097 ient
1071 3034 1105 3095 ad
1127 3034 1295 3109 Ecclesiae,
1327 3032 1372 3098 seu
1403 3036 1483 3099 Loca
1513 3036 1656 3100 immunia
1678 3037 1775 3101 isli'iit·

618 3119 628 3132 ⁸
968 3057 1125 3189 i)ioecefis,
1156 3115 1315 3179 siillorum
1339 3118 1531 3180 Immunitate
1562 3118 1683 3198 gaudere
1704 3141 1753 3182 ue·

447 3201 542 3281 Scipio
562 3199 599 3260 de
622 3199 727 3264 tiociis
746 3203 845 3263 Seetet.
970 3194 1051 3272 lint,
1072 3214 1173 3260 curent
1194 3214 1306 3260 attente
1327 3197 1356 3257 in
1379 3197 1421 3261 eis
1442 3218 1630 3280 permanere,
1653 3220 1704 3262 ruec
1727 3197 1754 3264 se

856 3335 859 3342 ,
968 3275 1031 3339 ullo
1052 3293 1213 3356 praetextu,
1236 3274 1342 3352 caiisa,
1364 3278 1410 3342 vel
1432 3280 1548 3357 quaefiro
1563 3281 1667 3345 colore
1678 3278 1755 3343 sedu.

141 3377 149 3398 “·
221 3359 490 3442 EPISTOLA
519 3359 794 3438 ENcrcuic
805 3360 838 3424 A
968 3357 997 3420 ci
1019 3357 1110 3420 sinant
1132 3360 1168 3422 ad
1188 3355 1387 3421 discedendum
1409 3359 1446 3421 ab
1466 3359 1570 3424 eisdem
1593 3359 1750 3437 Ecclesiis,

968 3438 1016 3501 seu
1038 3437 1126 3501 Locis
1148 3439 1344 3502 immunibus:
1376 3439 1423 3501 ubi
1445 3442 1536 3503 etiani
1559 3459 1641 3504 extra
1663 3440 1750 3515 ilias,

124 3519 217 3606 Jeeffu
238 3524 350 3586 Summi
368 3520 515 3598 Pontifici:
533 3520 802 3670 addredieppeopor
814 3522 920 3605 Hispa·
969 3517 1016 3583 seu
1038 3519 1087 3613 illa
1109 3519 1185 3601 ipsos
1195 3519 1367 3602 deprehendi
1380 3520 1556 3602 contingat,
1581 3520 1702 3614 minime
1711 3522 1753 3584 eis

176 3608 290 3688 nimum
311 3604 459 3687 conscripta
473 3620 524 3686 pro
543 3603 698 3668 tollendisa
717 3600 924 3678 ufibuseorum.
967 3600 1098 3743 proderit
1119 3601 1261 3678 allegare,
1284 3600 1315 3661 bc
1338 3600 1477 3677 probare,
1501 3601 1578 3681 quod
1599 3600 1748 3665 filiaabus

177 3687 232 3769 qui
252 3689 283 3747 iu
305 3707 421 3748 carceres
439 3684 554 3768 conjesii'
568 3686 695 3763 fuerint,
716 3682 927 3747 adeladendam
982 3680 1161 3753 uasiouibus,
1183 3679 1293 3754 blandis
1314 3681 1435 3754 verbis,
1468 3681 1721 3745 ass'ecurationibuc
1743 3725 1753 3758 ,

167 3765 342 3849 Justitiam,
368 3769 428 3847 sese
448 3790 466 3827 a
485 3769 555 3830 locis
575 3763 774 3839 immunibus,
805 3764 844 3825 ad
868 3787 926 3847 que
967 3759 1107 3825 dolosisve
1128 3760 1392 3830 machinationibus
1422 3763 1572 3834 extracli,
1600 3760 1645 3826 seu
1665 3761 1751 3824 abdu-

164 3842 377 3930 ‘’confugerant,
399 3846 626 3928 dolostextrasior
640 3844 728 3926 fuisse
746 3845 867 3929 allegare
881 3848 926 3927 so·
969 3842 1007 3904 cii
1031 3842 1096 3904 inde
1116 3838 1242 3913 suerint3
1264 3840 1341 3902 Cum
1364 3842 1399 3904 ad
1421 3843 1627 3907 occurrendum
1648 3841 1755 3905 frandi-

178 3927 265 3991 lent.
799 3939 813 3972 ‘x
970 3924 1041 3997 bus,
1063 3922 1094 3983 ἃ
1116 3921 1243 3985 abusibus
1266 3920 1347 4000 supra
1368 3922 1503 4004 expositis
1522 3924 1665 3986 sanctitas
1686 3922 1751 3999 sua,

172 4007 175 4014 ’
970 4004 1006 4066 de
1027 3999 1208 4083 praefatoriam
1231 4002 1338 4064 santia
1370 4005 1509 4066 Romana
1533 4004 1659 4067 Ecclesia
1681 4004 1753 4067 Car·

220 4088 368 4171 attestare.
388 4091 427 4154 ad
446 4090 676 4171 Reverendiffime
697 4090 803 4172 Prasias
814 4134 824 4169 ,
970 4083 1134 4161 dinalium,
1157 4105 1190 4146 ac
1202 4083 1386 4145 prelatorum
1408 4084 1547 4152 consilio,
1568 4106 1750 4166 congruum,

447 4178 491 4237 uti
510 4178 626 4236 Frater.
971 4188 1006 4230 ac
1025 4181 1223 4247 opportunum
1242 4164 1376 4240 durarit,
1399 4164 1522 4230 firmiter
1534 4165 1699 4240 decernere,
1721 4167 1755 4232 δι

969 4247 1110 4318 statuere,
1132 4265 1219 4328 proiit
1230 4245 1375 4322 decernit,
1398 4247 1553 4320 &slatuit,
1576 4247 1653 4324 quod
1667 4247 1748 4309 deiri·

55 4357 113 4404 ror
190 4331 271 4408 ,Uni
291 4334 327 4396 ad
355 4357 437 4400 auter
466 4334 640 4408 Sandiffimi
670 4332 793 4405 Domini
825 4331 927 4400 Nostri
969 4347 1035 4410 ceps
1055 4327 1078 4387 ii
1099 4344 1214 4390 tautum
1236 4325 1483 4398 eitraEcclesias,
1507 4328 1537 4388 u
1560 4328 1745 4389 locaiinmu·

230 4414 389 4479 Clementis
410 4418 492 4500 Papa
501 4418 557 4479 XI.
611 4415 722 4478 lurirna
742 4412 925 4497 pervenerint
967 4408 1035 4478 nia,
1057 4407 1092 4470 ad
1113 4427 1176 4488 qua
1195 4406 1402 4489 confugerant,
1422 4407 1620 4476 Ecclesiastica
1635 4409 1748 4470 Immu-

133 4495 264 4582 querelae
283 4493 337 4559 side
367 4498 522 4581 dignorum
553 4437 722 4566 teliinonio
752 4491 924 4575 comproba·
967 4486 1071 4554 nitatis
1092 4488 1232 4558 beneficio
1252 4487 1443 4570 gaudereper
1464 4507 1533 4562 aut,
1555 4486 1610 4581 qui·
1627 4487 1663 4581 ab
1687 4485 1744 4550 Ec·

132 4593 192 4660 ta,
218 4577 351 4644 adversus
371 4600 449 4657 eos,
478 4578 530 4664 qui
553 4579 602 4643 ubi
623 4577 658 4641 dc
681 4579 822 4640 mandato
842 4572 856 4646 J
862 4572 924 4638 udi·
969 4569 1138 4650 clefiis,'&
1157 4567 1230 4637 locis
1250 4569 1428 4636 immunibus
1444 4511 1613 4646 iuiusmodi
1634 4564 1750 4711 triplam

1685 4667 1716 4713 et
