<?xml version="1.0" encoding="UTF-8"?>
<!DOCTYPE html PUBLIC "-//W3C//DTD XHTML 1.0 Transitional//EN"
    "http://www.w3.org/TR/xhtml1/DTD/xhtml1-transitional.dtd">
<html xmlns="http://www.w3.org/1999/xhtml" xml:lang="en" lang="en">
 <head>
  <title>
</title>
<meta http-equiv="Content-Type" content="text/html;charset=utf-8" />
  <meta name='ocr-system' content='tesseract 3.04.00' />
  <meta name='ocr-capabilities' content='ocr_page ocr_carea ocr_par ocr_line ocrx_word'/>
</head>
<body>
  <div class='ocr_page' id='page_1' title='image "./admrevpfluciife07ferrgoog/admrevpfluciife07ferrgoog_0512.png"; bbox 0 0 3959 5259; ppageno 0'>
   <div class='ocr_carea' id='block_1_1' title="bbox 312 191 1561 316">
    <p class='ocr_par' dir='ltr' id='par_1_1' title="bbox 312 191 1561 316">
     <span class='ocr_line' id='line_1_1' title="bbox 312 191 1561 316; baseline -0.014 -28"><span class='ocrx_word' id='word_1_1' title='bbox 312 207 397 316; x_wconf 83' lang='lat'>498</span> <span class='ocrx_word' id='word_1_2' title='bbox 553 191 1561 295; x_wconf 73' lang='lat' dir='ltr'>IND·ULGENT1A,Aan.V.</span> 
     </span>
    </p>
   </div>
   <div class='ocr_carea' id='block_1_2' title="bbox 251 292 1866 1034">
    <p class='ocr_par' dir='ltr' id='par_1_2' title="bbox 251 292 1866 873">
     <span class='ocr_line' id='line_1_2' title="bbox 254 292 1865 455; baseline -0.017 -70"><span class='ocrx_word' id='word_1_3' title='bbox 254 340 381 418; x_wconf 70' lang='lat' dir='ltr'>autem,</span> <span class='ocrx_word' id='word_1_4' title='bbox 411 314 489 400; x_wconf 88' lang='lat' dir='ltr'>qood</span> <span class='ocrx_word' id='word_1_5' title='bbox 517 305 927 455; x_wconf 51' lang='lat' dir='ltr'>praellnllummmnllmffil·</span> <span class='ocrx_word' id='word_1_6' title='bbox 947 310 1041 453; x_wconf 51' lang='lat' dir='ltr'>etisapm</span> <span class='ocrx_word' id='word_1_7' title='bbox 1082 326 1170 451; x_wconf 50' lang='lat' dir='ltr'>{uiri</span> <span class='ocrx_word' id='word_1_8' title='bbox 1182 301 1303 449; x_wconf 60' lang='lat' dir='ltr'>Ourdlnis</span> <span class='ocrx_word' id='word_1_9' title='bbox 1323 297 1588 443; x_wconf 45' lang='lat' dir='ltr'>Sanbiidffpaancgpci</span> <span class='ocrx_word' id='word_1_10' title='bbox 1608 292 1865 442; x_wconf 48' lang='lat' dir='ltr'>peecffnbdsprvppguffip</span> 
     </span>
     <span class='ocr_line' id='line_1_3' title="bbox 253 399 1866 566; baseline -0.012 -24"><span class='ocrx_word' id='word_1_11' title='bbox 253 399 396 566; x_wconf 51' lang='lat' dir='ltr'>ldlnpieidl,</span> <span class='ocrx_word' id='word_1_12' title='bbox 412 413 581 556; x_wconf 54' lang='lat' dir='ltr'>‘dcmsigilld</span> <span class='ocrx_word' id='word_1_13' title='bbox 592 410 728 545; x_wconf 55' lang='lat' dir='ltr'>¹blldllt&#39;us</span> <span class='ocrx_word' id='word_1_14' title='bbox 738 409 874 554; x_wconf 52' lang='lat' dir='ltr'>optdllbnld</span> <span class='ocrx_word' id='word_1_15' title='bbox 895 412 1042 551; x_wconf 65' lang='lat' dir='ltr'>idcdiglii·</span> <span class='ocrx_word' id='word_1_16' title='bbox 1086 408 1207 550; x_wconf 74' lang='lat' dir='ltr'>nugulli</span> <span class='ocrx_word' id='word_1_17' title='bbox 1220 401 1406 560; x_wconf 54' lang='lat' dir='ltr'>pma&#39;ttoipprpn</span> <span class='ocrx_word' id='word_1_18' title='bbox 1434 402 1642 554; x_wconf 70' lang='lat' dir='ltr'>distantibus,</span> <span class='ocrx_word' id='word_1_19' title='bbox 1679 459 1710 521; x_wconf 76' lang='grc' dir='ltr'>δι</span> <span class='ocrx_word' id='word_1_20' title='bbox 1731 459 1866 555; x_wconf 70' lang='lat' dir='ltr'>praemissa</span> 
     </span>
     <span class='ocr_line' id='line_1_4' title="bbox 251 539 1864 630; baseline -0.015 -3"><span class='ocrx_word' id='word_1_21' title='bbox 251 581 313 627; x_wconf 89' lang='lat' dir='ltr'>iaie</span> <span class='ocrx_word' id='word_1_22' title='bbox 343 555 538 622; x_wconf 75' lang='lat' dir='ltr'>Ecclesiastica</span> <span class='ocrx_word' id='word_1_23' title='bbox 567 553 729 618; x_wconf 79' lang='lat' dir='ltr'>constituta</span> <span class='ocrx_word' id='word_1_24' title='bbox 759 552 910 625; x_wconf 84' lang='lat' dir='ltr'>munitis,</span> <span class='ocrx_word' id='word_1_25' title='bbox 940 554 1044 628; x_wconf 78' lang='lat' dir='ltr'>eadem</span> <span class='ocrx_word' id='word_1_26' title='bbox 1122 546 1313 630; x_wconf 81' lang='lat' dir='ltr'>regentibus,</span> <span class='ocrx_word' id='word_1_27' title='bbox 1348 545 1534 617; x_wconf 79' lang='lat' dir='ltr'>concessam,</span> <span class='ocrx_word' id='word_1_28' title='bbox 1567 560 1658 606; x_wconf 88' lang='lat' dir='ltr'>etiarn</span> <span class='ocrx_word' id='word_1_29' title='bbox 1691 539 1864 602; x_wconf 87' lang='lat' dir='ltr'>Chrillilide·</span> 
     </span>
     <span class='ocr_line' id='line_1_5' title="bbox 275 568 1865 722; baseline -0.013 -18"><span class='ocrx_word' id='word_1_30' title='bbox 275 638 365 706; x_wconf 83' lang='lat' dir='ltr'>roisus</span> <span class='ocrx_word' id='word_1_31' title='bbox 385 636 454 699; x_wconf 82' lang='lat' dir='ltr'>sides</span> <span class='ocrx_word' id='word_1_32' title='bbox 473 633 658 708; x_wconf 79' lang='lat' dir='ltr'>adhibeatur3</span> <span class='ocrx_word' id='word_1_33' title='bbox 679 634 939 718; x_wconf 79' lang='lat' dir='ltr'>quaprasentibus</span> <span class='ocrx_word' id='word_1_34' title='bbox 959 633 1040 696; x_wconf 84' lang='lat' dir='ltr'>adbi-</span> <span class='ocrx_word' id='word_1_35' title='bbox 1082 568 1155 693; x_wconf 63' lang='lat' dir='ltr'>llum</span> <span class='ocrx_word' id='word_1_36' title='bbox 1177 626 1348 700; x_wconf 73' lang='lat' dir='ltr'><strong>animabus,</strong></span> <span class='ocrx_word' id='word_1_37' title='bbox 1378 645 1441 722; x_wconf 82' lang='lat' dir='ltr'>qpae</span> <span class='ocrx_word' id='word_1_38' title='bbox 1464 622 1527 718; x_wconf 77' lang='lat' dir='ltr'>Deo</span> <span class='ocrx_word' id='word_1_39' title='bbox 1549 622 1578 683; x_wconf 92' lang='lat' dir='ltr'>in</span> <span class='ocrx_word' id='word_1_40' title='bbox 1598 620 1720 684; x_wconf 85' lang='lat' dir='ltr'>caritate</span> <span class='ocrx_word' id='word_1_41' title='bbox 1749 625 1865 697; x_wconf 83' lang='lat' dir='ltr'>cunjun-</span> 
     </span>
     <span class='ocr_line' id='line_1_6' title="bbox 251 664 1863 798; baseline -0.015 -11"><span class='ocrx_word' id='word_1_42' title='bbox 251 664 389 795; x_wconf 74' lang='lat' dir='ltr'>beretur,</span> <span class='ocrx_word' id='word_1_43' title='bbox 410 717 431 779; x_wconf 83' lang='lat' dir='ltr'>fi</span> <span class='ocrx_word' id='word_1_44' title='bbox 452 716 548 781; x_wconf 81' lang='lat' dir='ltr'>serent</span> <span class='ocrx_word' id='word_1_45' title='bbox 569 714 726 789; x_wconf 79' lang='lat' dir='ltr'>exhibita,</span> <span class='ocrx_word' id='word_1_46' title='bbox 757 714 805 780; x_wconf 83' lang='lat' dir='ltr'>vel</span> <span class='ocrx_word' id='word_1_47' title='bbox 828 711 959 788; x_wconf 80' lang='lat' dir='ltr'>ollensae,</span> <span class='ocrx_word' id='word_1_48' title='bbox 1081 710 1132 771; x_wconf 73' lang='lat' dir='ltr'>sia</span> <span class='ocrx_word' id='word_1_49' title='bbox 1152 708 1189 772; x_wconf 92' lang='lat' dir='ltr'>ab</span> <span class='ocrx_word' id='word_1_50' title='bbox 1210 709 1263 770; x_wconf 89' lang='lat' dir='ltr'>hac</span> <span class='ocrx_word' id='word_1_51' title='bbox 1287 708 1349 770; x_wconf 92' lang='lat' dir='ltr'>loce</span> <span class='ocrx_word' id='word_1_52' title='bbox 1369 728 1410 768; x_wconf 92' lang='lat' dir='ltr'>mi</span> <span class='ocrx_word' id='word_1_53' title='bbox 1434 720 1580 798; x_wconf 77' lang='lat' dir='ltr'>raserint,</span> <span class='ocrx_word' id='word_1_54' title='bbox 1602 723 1653 786; x_wconf 86' lang='lat' dir='ltr'>per</span> <span class='ocrx_word' id='word_1_55' title='bbox 1673 700 1791 765; x_wconf 88' lang='lat' dir='ltr'>modum</span> <span class='ocrx_word' id='word_1_56' title='bbox 1810 702 1863 764; x_wconf 77' lang='lat' dir='ltr'>sus</span> 
     </span>
     <span class='ocr_line' id='line_1_7' title="bbox 1084 788 1863 873; baseline -0.013 -20"><span class='ocrx_word' id='word_1_57' title='bbox 1084 789 1169 872; x_wconf 73' lang='lat' dir='ltr'>sragii</span> <span class='ocrx_word' id='word_1_58' title='bbox 1199 788 1339 873; x_wconf 88' lang='lat' dir='ltr'>applicari</span> <span class='ocrx_word' id='word_1_59' title='bbox 1361 807 1399 870; x_wconf 88' lang='lat' dir='ltr'>pu</span> <span class='ocrx_word' id='word_1_60' title='bbox 1421 809 1456 861; x_wconf 86' lang='lat' dir='ltr'>e,</span> <span class='ocrx_word' id='word_1_61' title='bbox 1487 803 1575 848; x_wconf 84' lang='lat' dir='ltr'>etiarn</span> <span class='ocrx_word' id='word_1_62' title='bbox 1598 801 1739 867; x_wconf 78' lang='lat' dir='ltr'>perpetuo</span> <span class='ocrx_word' id='word_1_63' title='bbox 1771 805 1863 848; x_wconf 78' lang='lat' dir='ltr'>conce·</span> 
     </span>
    </p>

    <p class='ocr_par' dir='ltr' id='par_1_3' title="bbox 252 863 1865 1034">
     <span class='ocr_line' id='line_1_8' title="bbox 294 863 1865 962; baseline -0.009 -20"><span class='ocrx_word' id='word_1_64' title='bbox 294 880 405 944; x_wconf 89' lang='lat' dir='ltr'>Datum</span> <span class='ocrx_word' id='word_1_65' title='bbox 437 880 540 942; x_wconf 76' lang='lat' dir='ltr'>Roma</span> <span class='ocrx_word' id='word_1_66' title='bbox 571 876 648 961; x_wconf 85' lang='lat' dir='ltr'>apud</span> <span class='ocrx_word' id='word_1_67' title='bbox 677 877 706 939; x_wconf 87' lang='lat' dir='ltr'>S.</span> <span class='ocrx_word' id='word_1_68' title='bbox 728 873 860 939; x_wconf 86' lang='lat' dir='ltr'>Mariam</span> <span class='ocrx_word' id='word_1_69' title='bbox 892 874 1043 950; x_wconf 82' lang='lat' dir='ltr'>Maiorem</span> <span class='ocrx_word' id='word_1_70' title='bbox 1084 872 1198 946; x_wconf 88' lang='lat' dir='ltr'>dimus,</span> <span class='ocrx_word' id='word_1_71' title='bbox 1222 871 1253 933; x_wconf 81' lang='grc' dir='ltr'>δι</span> <span class='ocrx_word' id='word_1_72' title='bbox 1274 867 1477 962; x_wconf 81' lang='lat' dir='ltr'>indulgemus,</span> <span class='ocrx_word' id='word_1_73' title='bbox 1508 867 1538 960; x_wconf 78' lang='lat' dir='ltr'>in</span> <span class='ocrx_word' id='word_1_74' title='bbox 1560 864 1740 928; x_wconf 86' lang='lat' dir='ltr'>contrarium</span> <span class='ocrx_word' id='word_1_75' title='bbox 1764 863 1865 928; x_wconf 83' lang='lat' dir='ltr'>facien·</span> 
     </span>
     <span class='ocr_line' id='line_1_9' title="bbox 252 943 1865 1034; baseline -0.009 -11"><span class='ocrx_word' id='word_1_76' title='bbox 252 960 304 1026; x_wconf 80' lang='lat' dir='ltr'>sub</span> <span class='ocrx_word' id='word_1_77' title='bbox 324 958 431 1023; x_wconf 88' lang='lat' dir='ltr'>annulo</span> <span class='ocrx_word' id='word_1_78' title='bbox 453 957 607 1021; x_wconf 87' lang='lat' dir='ltr'>Piscatoris</span> <span class='ocrx_word' id='word_1_79' title='bbox 638 956 686 1021; x_wconf 89' lang='lat' dir='ltr'>die</span> <span class='ocrx_word' id='word_1_80' title='bbox 705 976 737 1034; x_wconf 84' lang='lat'>4.</span> <span class='ocrx_word' id='word_1_81' title='bbox 758 956 830 1031; x_wconf 82' lang='lat' dir='ltr'>Iulii</span> <span class='ocrx_word' id='word_1_82' title='bbox 856 958 942 1023; x_wconf 86' lang='lat'>1622.</span> <span class='ocrx_word' id='word_1_83' title='bbox 965 957 1041 1020; x_wconf 88' lang='lat' dir='ltr'>Pon·</span> <span class='ocrx_word' id='word_1_84' title='bbox 1083 951 1163 1016; x_wconf 90' lang='lat' dir='ltr'>tibus</span> <span class='ocrx_word' id='word_1_85' title='bbox 1192 970 1251 1013; x_wconf 89' lang='lat' dir='ltr'>non</span> <span class='ocrx_word' id='word_1_86' title='bbox 1280 948 1458 1015; x_wconf 76' lang='lat' dir='ltr'>obstantibus</span> <span class='ocrx_word' id='word_1_87' title='bbox 1485 943 1744 1029; x_wconf 84' lang='lat' dir='ltr'>quibuscumque.</span> <span class='ocrx_word' id='word_1_88' title='bbox 1776 946 1865 1010; x_wconf 78' lang='lat' dir='ltr'>Voln-</span> 
     </span>
    </p>
   </div>
   <div class='ocr_carea' id='block_1_3' title="bbox 255 1032 1225 1107">
    <p class='ocr_par' dir='ltr' id='par_1_4' title="bbox 255 1032 1225 1107">
     <span class='ocr_line' id='line_1_10' title="bbox 255 1032 1225 1107; baseline -0.013 -1"><span class='ocrx_word' id='word_1_89' title='bbox 255 1041 384 1107; x_wconf 84' lang='lat' dir='ltr'>tifrcatus</span> <span class='ocrx_word' id='word_1_90' title='bbox 404 1039 492 1103; x_wconf 86' lang='lat' dir='ltr'>uollri</span> <span class='ocrx_word' id='word_1_91' title='bbox 513 1060 592 1104; x_wconf 86' lang='lat' dir='ltr'>anno</span> <span class='ocrx_word' id='word_1_92' title='bbox 613 1036 755 1102; x_wconf 89' lang='lat' dir='ltr'>secundo.</span> <span class='ocrx_word' id='word_1_93' title='bbox 1083 1053 1148 1096; x_wconf 91' lang='lat' dir='ltr'>mus</span> <span class='ocrx_word' id='word_1_94' title='bbox 1168 1032 1225 1095; x_wconf 76' lang='grc' dir='ltr'>ἀι.</span> 
     </span>
    </p>
   </div>
   <div class='ocr_carea' id='block_1_4' title="bbox 198 1185 1918 1755">
    <p class='ocr_par' dir='ltr' id='par_1_5' title="bbox 198 1185 1918 1755">
     <span class='ocr_line' id='line_1_11' title="bbox 610 1185 1866 1279; baseline -0.013 -15"><span class='ocrx_word' id='word_1_95' title='bbox 610 1205 641 1264; x_wconf 80' lang='lat' dir='ltr'>t.</span> <span class='ocrx_word' id='word_1_96' title='bbox 664 1197 782 1263; x_wconf 79' lang='lat' dir='ltr'>Cardia.</span> <span class='ocrx_word' id='word_1_97' title='bbox 804 1203 834 1262; x_wconf 82' lang='lat'>5.</span> <span class='ocrx_word' id='word_1_98' title='bbox 854 1197 1000 1279; x_wconf 75' lang='lat' dir='ltr'>susanne.</span> <span class='ocrx_word' id='word_1_99' title='bbox 1086 1192 1198 1255; x_wconf 83' lang='lat' dir='ltr'>Datum</span> <span class='ocrx_word' id='word_1_100' title='bbox 1220 1193 1322 1256; x_wconf 81' lang='lat' dir='ltr'>Roma</span> <span class='ocrx_word' id='word_1_101' title='bbox 1343 1190 1418 1273; x_wconf 89' lang='lat' dir='ltr'>apud</span> <span class='ocrx_word' id='word_1_102' title='bbox 1440 1189 1469 1252; x_wconf 86' lang='lat' dir='ltr'>S.</span> <span class='ocrx_word' id='word_1_103' title='bbox 1491 1186 1624 1250; x_wconf 85' lang='lat' dir='ltr'>Mariam</span> <span class='ocrx_word' id='word_1_104' title='bbox 1646 1185 1798 1260; x_wconf 76' lang='lat' dir='ltr'>Maiorem</span> <span class='ocrx_word' id='word_1_105' title='bbox 1821 1188 1866 1254; x_wconf 81' lang='lat' dir='ltr'>snb</span> 
     </span>
     <span class='ocr_line' id='line_1_12' title="bbox 1127 1267 1837 1350; baseline -0.006 -14"><span class='ocrx_word' id='word_1_106' title='bbox 1127 1271 1250 1337; x_wconf 82' lang='lat' dir='ltr'>Annulo</span> <span class='ocrx_word' id='word_1_107' title='bbox 1272 1270 1427 1337; x_wconf 87' lang='lat' dir='ltr'>Piscatoris</span> <span class='ocrx_word' id='word_1_108' title='bbox 1454 1268 1501 1332; x_wconf 88' lang='lat' dir='ltr'>die</span> <span class='ocrx_word' id='word_1_109' title='bbox 1527 1290 1572 1333; x_wconf 85' lang='lat' dir='ltr'>ia.</span> <span class='ocrx_word' id='word_1_110' title='bbox 1594 1267 1724 1342; x_wconf 77' lang='lat' dir='ltr'>Ianuarii</span> <span class='ocrx_word' id='word_1_111' title='bbox 1752 1270 1837 1350; x_wconf 77' lang='lat'>1678.</span> 
     </span>
     <span class='ocr_line' id='line_1_13' title="bbox 198 1356 1608 1457; baseline -0.011 -30"><span class='ocrx_word' id='word_1_112' title='bbox 198 1389 233 1451; x_wconf 85' lang='lat'>53</span> <span class='ocrx_word' id='word_1_113' title='bbox 293 1362 379 1427; x_wconf 81' lang='lat' dir='ltr'>Talis</span> <span class='ocrx_word' id='word_1_114' title='bbox 399 1360 580 1457; x_wconf 62' lang='lat' dir='ltr'>indulgentia</span> <span class='ocrx_word' id='word_1_115' title='bbox 599 1361 628 1423; x_wconf 88' lang='lat' dir='ltr'>in</span> <span class='ocrx_word' id='word_1_116' title='bbox 651 1358 787 1424; x_wconf 82' lang='lat' dir='ltr'>omnibus</span> <span class='ocrx_word' id='word_1_117' title='bbox 807 1356 944 1422; x_wconf 81' lang='lat' dir='ltr'>Ecclesiis</span> <span class='ocrx_word' id='word_1_118' title='bbox 965 1356 1045 1421; x_wconf 86' lang='lat' dir='ltr'>Reli·</span> <span class='ocrx_word' id='word_1_119' title='bbox 1385 1431 1393 1447; x_wconf 87' lang='lat'><strong>.</strong></span> <span class='ocrx_word' id='word_1_120' title='bbox 1543 1430 1551 1445; x_wconf 90' lang='lat'><strong>.</strong></span> <span class='ocrx_word' id='word_1_121' title='bbox 1599 1431 1608 1445; x_wconf 27' lang='grc' dir='ltr'><strong><em>ι</em></strong></span> 
     </span>
     <span class='ocr_line' id='line_1_14' title="bbox 255 1428 1918 1528; baseline -0.008 -22"><span class='ocrx_word' id='word_1_122' title='bbox 255 1446 351 1528; x_wconf 79' lang='lat' dir='ltr'>ginnis</span> <span class='ocrx_word' id='word_1_123' title='bbox 371 1445 530 1527; x_wconf 80' lang='lat' dir='ltr'>Seraphica</span> <span class='ocrx_word' id='word_1_124' title='bbox 551 1462 605 1523; x_wconf 92' lang='lat' dir='ltr'>pro</span> <span class='ocrx_word' id='word_1_125' title='bbox 627 1439 747 1505; x_wconf 89' lang='lat' dir='ltr'>secunda</span> <span class='ocrx_word' id='word_1_126' title='bbox 775 1439 821 1502; x_wconf 87' lang='lat' dir='ltr'>die</span> <span class='ocrx_word' id='word_1_127' title='bbox 842 1436 964 1520; x_wconf 75' lang='lat' dir='ltr'>Augusti</span> <span class='ocrx_word' id='word_1_128' title='bbox 986 1457 1038 1521; x_wconf 73' lang='lat' dir='ltr'>po·</span> <span class='ocrx_word' id='word_1_129' title='bbox 1120 1430 1208 1496; x_wconf 87' lang='lat' dir='ltr'>Talis</span> <span class='ocrx_word' id='word_1_130' title='bbox 1229 1432 1414 1513; x_wconf 78' lang='lat' dir='ltr'>indulgentia</span> <span class='ocrx_word' id='word_1_131' title='bbox 1442 1429 1572 1514; x_wconf 90' lang='lat' dir='ltr'>plenaria</span> <span class='ocrx_word' id='word_1_132' title='bbox 1601 1452 1629 1491; x_wconf 92' lang='lat' dir='ltr'>in</span> <span class='ocrx_word' id='word_1_133' title='bbox 1652 1428 1782 1492; x_wconf 77' lang='lat' dir='ltr'>Ecclefia</span> <span class='ocrx_word' id='word_1_134' title='bbox 1803 1432 1865 1494; x_wconf 82' lang='lat' dir='ltr'>San-</span> <span class='ocrx_word' id='word_1_135' title='bbox 1888 1455 1918 1514; x_wconf 68' lang='lat'>54</span> 
     </span>
     <span class='ocr_line' id='line_1_15' title="bbox 254 1507 1867 1609; baseline -0.014 -20"><span class='ocrx_word' id='word_1_136' title='bbox 254 1527 308 1591; x_wconf 88' lang='lat' dir='ltr'>iesl</span> <span class='ocrx_word' id='word_1_137' title='bbox 329 1546 366 1607; x_wconf 87' lang='lat' dir='ltr'>ap</span> <span class='ocrx_word' id='word_1_138' title='bbox 388 1523 467 1587; x_wconf 89' lang='lat' dir='ltr'>licari</span> <span class='ocrx_word' id='word_1_139' title='bbox 490 1524 578 1586; x_wconf 86' lang='lat' dir='ltr'>etiam</span> <span class='ocrx_word' id='word_1_140' title='bbox 601 1542 653 1607; x_wconf 89' lang='lat' dir='ltr'>pro</span> <span class='ocrx_word' id='word_1_141' title='bbox 675 1519 841 1597; x_wconf 76' lang='lat' dir='ltr'>Desunslit,</span> <span class='ocrx_word' id='word_1_142' title='bbox 872 1520 903 1583; x_wconf 80' lang='lat' dir='ltr'>dr</span> <span class='ocrx_word' id='word_1_143' title='bbox 923 1516 1037 1582; x_wconf 87' lang='lat' dir='ltr'>adduci·</span> <span class='ocrx_word' id='word_1_144' title='bbox 1078 1514 1129 1577; x_wconf 72' lang='lat' dir='ltr'>site</span> <span class='ocrx_word' id='word_1_145' title='bbox 1149 1512 1256 1576; x_wconf 80' lang='lat' dir='ltr'>Maria</span> <span class='ocrx_word' id='word_1_146' title='bbox 1272 1512 1457 1609; x_wconf 36' lang='lat' dir='ltr'>’Angelorum</span> <span class='ocrx_word' id='word_1_147' title='bbox 1472 1531 1570 1607; x_wconf 87' lang='lat' dir='ltr'>prope</span> <span class='ocrx_word' id='word_1_148' title='bbox 1584 1507 1718 1574; x_wconf 80' lang='lat' dir='ltr'>Allisnm</span> <span class='ocrx_word' id='word_1_149' title='bbox 1749 1511 1789 1574; x_wconf 89' lang='lat' dir='ltr'>ell</span> <span class='ocrx_word' id='word_1_150' title='bbox 1812 1532 1867 1596; x_wconf 55' lang='lat' dir='ltr'>p«.</span> 
     </span>
     <span class='ocr_line' id='line_1_16' title="bbox 256 1545 1871 1736; baseline -0.011 -66"><span class='ocrx_word' id='word_1_151' title='bbox 256 1624 304 1671; x_wconf 87' lang='lat' dir='ltr'>tur</span> <span class='ocrx_word' id='word_1_152' title='bbox 325 1545 408 1670; x_wconf 85' lang='lat' dir='ltr'>Bulla</span> <span class='ocrx_word' id='word_1_153' title='bbox 430 1602 595 1668; x_wconf 87' lang='lat' dir='ltr'>innocentii</span> <span class='ocrx_word' id='word_1_154' title='bbox 615 1603 671 1665; x_wconf 80' lang='lat' dir='ltr'>xl.</span> <span class='ocrx_word' id='word_1_155' title='bbox 695 1601 723 1665; x_wconf 91' lang='lat' dir='ltr'>id</span> <span class='ocrx_word' id='word_1_156' title='bbox 743 1599 946 1666; x_wconf 75' lang='lat' dir='ltr'><strong>concedentis.</strong></span> <span class='ocrx_word' id='word_1_157' title='bbox 1079 1613 1169 1690; x_wconf 78' lang='lat' dir='ltr'>petua</span> <span class='ocrx_word' id='word_1_158' title='bbox 1189 1593 1331 1736; x_wconf 67' lang='lat' dir='ltr'>ypuolibet</span> <span class='ocrx_word' id='word_1_159' title='bbox 1351 1614 1419 1689; x_wconf 79' lang='lat' dir='ltr'>anni</span> <span class='ocrx_word' id='word_1_160' title='bbox 1451 1594 1498 1657; x_wconf 90' lang='lat' dir='ltr'>die</span> <span class='ocrx_word' id='word_1_161' title='bbox 1517 1614 1552 1657; x_wconf 82' lang='lat' dir='ltr'>er</span> <span class='ocrx_word' id='word_1_162' title='bbox 1585 1589 1762 1687; x_wconf 78' lang='lat' dir='ltr'>concellione</span> <span class='ocrx_word' id='word_1_163' title='bbox 1784 1593 1871 1689; x_wconf 74' lang='lat' dir='ltr'>Iunp-</span> 
     </span>
     <span class='ocr_line' id='line_1_17' title="bbox 1079 1673 1872 1755; baseline -0.001 -15"><span class='ocrx_word' id='word_1_164' title='bbox 1079 1693 1169 1740; x_wconf 87' lang='lat' dir='ltr'>centii</span> <span class='ocrx_word' id='word_1_165' title='bbox 1224 1675 1262 1737; x_wconf 89' lang='lat' dir='ltr'>ll.</span> <span class='ocrx_word' id='word_1_166' title='bbox 1287 1673 1336 1737; x_wconf 86' lang='lat' dir='ltr'>sub</span> <span class='ocrx_word' id='word_1_167' title='bbox 1357 1674 1404 1737; x_wconf 90' lang='lat' dir='ltr'>die</span> <span class='ocrx_word' id='word_1_168' title='bbox 1430 1674 1477 1736; x_wconf 83' lang='lat'>28.</span> <span class='ocrx_word' id='word_1_169' title='bbox 1502 1673 1625 1755; x_wconf 79' lang='lat' dir='ltr'>Augusli</span> <span class='ocrx_word' id='word_1_170' title='bbox 1650 1677 1738 1754; x_wconf 81' lang='lat'>1⁶95·</span> <span class='ocrx_word' id='word_1_171' title='bbox 1761 1691 1872 1739; x_wconf 84' lang='lat' dir='ltr'>tenoris</span> 
     </span>
    </p>
   </div>
   <div class='ocr_carea' id='block_1_5' title="bbox 351 1755 1249 1839">
    <p class='ocr_par' dir='ltr' id='par_1_6' title="bbox 351 1755 1249 1839">
     <span class='ocr_line' id='line_1_18' title="bbox 351 1755 1249 1839; baseline -0.017 -7"><span class='ocrx_word' id='word_1_172' title='bbox 351 1764 650 1832; x_wconf 81' lang='lat' dir='ltr'>INNOCENTIUS</span> <span class='ocrx_word' id='word_1_173' title='bbox 672 1765 782 1829; x_wconf 77' lang='lat' dir='ltr'>PAPA</span> <span class='ocrx_word' id='word_1_174' title='bbox 804 1762 860 1825; x_wconf 80' lang='lat' dir='ltr'>iti.</span> <span class='ocrx_word' id='word_1_175' title='bbox 883 1761 940 1826; x_wconf 79' lang='lat' dir='ltr'>bic.</span> <span class='ocrx_word' id='word_1_176' title='bbox 1085 1755 1249 1839; x_wconf 81' lang='lat' dir='ltr'>sequentis.</span> 
     </span>
    </p>
   </div>
   <div class='ocr_carea' id='block_1_6' title="bbox 118 1916 1872 3378">
    <p class='ocr_par' dir='ltr' id='par_1_7' title="bbox 118 1916 1872 3378">
     <span class='ocr_line' id='line_1_19' title="bbox 332 1916 1782 2022; baseline -0.005 -30"><span class='ocrx_word' id='word_1_177' title='bbox 332 1929 399 1993; x_wconf 76' lang='lat' dir='ltr'>Liar</span> <span class='ocrx_word' id='word_1_178' title='bbox 426 1926 502 1991; x_wconf 86' lang='lat' dir='ltr'>selic.</span> <span class='ocrx_word' id='word_1_179' title='bbox 525 1926 665 1993; x_wconf 84' lang='lat' dir='ltr'>recordat.</span> <span class='ocrx_word' id='word_1_180' title='bbox 687 1926 847 2022; x_wconf 70' lang='lat' dir='ltr'>Gregorius</span> <span class='ocrx_word' id='word_1_181' title='bbox 868 1925 947 2005; x_wconf 86' lang='lat' dir='ltr'>Papa</span> <span class='ocrx_word' id='word_1_182' title='bbox 969 1922 1040 1984; x_wconf 76' lang='lat' dir='ltr'>XV.</span> <span class='ocrx_word' id='word_1_183' title='bbox 1174 1916 1473 1985; x_wconf 85' lang='lat' dir='ltr'>INNOCENTIUS</span> <span class='ocrx_word' id='word_1_184' title='bbox 1494 1918 1603 1983; x_wconf 80' lang='grc' dir='ltr'>ΡΑΡΑ</span> <span class='ocrx_word' id='word_1_185' title='bbox 1626 1920 1700 1984; x_wconf 82' lang='grc' dir='ltr'><strong>ΧΙΙ.</strong></span> <span class='ocrx_word' id='word_1_186' title='bbox 1722 1920 1782 1985; x_wconf 76' lang='lat' dir='ltr'>uic.</span> 
     </span>
     <span class='ocr_line' id='line_1_20' title="bbox 118 2002 1044 2099; baseline -0.013 -22"><span class='ocrx_word' id='word_1_187' title='bbox 118 2053 123 2062; x_wconf 90' lang='lat'><strong>·</strong></span> <span class='ocrx_word' id='word_1_188' title='bbox 351 2006 532 2074; x_wconf 78' lang='lat' dir='ltr'>Praedecellor</span> <span class='ocrx_word' id='word_1_189' title='bbox 563 2009 656 2072; x_wconf 74' lang='lat' dir='ltr'>noser</span> <span class='ocrx_word' id='word_1_190' title='bbox 685 2009 847 2078; x_wconf 87' lang='lat' dir='ltr'>omnibus,</span> <span class='ocrx_word' id='word_1_191' title='bbox 876 2005 909 2068; x_wconf 77' lang='grc' dir='ltr'>δι</span> <span class='ocrx_word' id='word_1_192' title='bbox 928 2002 1044 2099; x_wconf 71' lang='lat' dir='ltr'>finpulis</span> 
     </span>
     <span class='ocr_line' id='line_1_21' title="bbox 254 2079 1871 2224; baseline -0.003 -71"><span class='ocrx_word' id='word_1_193' title='bbox 254 2089 400 2187; x_wconf 69' lang='lat' dir='ltr'>utriusque</span> <span class='ocrx_word' id='word_1_194' title='bbox 431 2088 511 2152; x_wconf 78' lang='lat' dir='ltr'>serui</span> <span class='ocrx_word' id='word_1_195' title='bbox 531 2087 769 2153; x_wconf 82' lang='lat' dir='ltr'>Cbrillilidelibut</span> <span class='ocrx_word' id='word_1_196' title='bbox 800 2106 868 2151; x_wconf 83' lang='lat' dir='ltr'>vere</span> <span class='ocrx_word' id='word_1_197' title='bbox 899 2101 1041 2181; x_wconf 82' lang='lat' dir='ltr'>poeniten·</span> <span class='ocrx_word' id='word_1_198' title='bbox 1082 2080 1352 2224; x_wconf 69' lang='lat' dir='ltr'>REdpmpmris,</span> <span class='ocrx_word' id='word_1_199' title='bbox 1374 2079 1405 2144; x_wconf 82' lang='grc' dir='ltr'>δι</span> <span class='ocrx_word' id='word_1_200' title='bbox 1428 2080 1549 2177; x_wconf 78' lang='lat' dir='ltr'>Domini</span> <span class='ocrx_word' id='word_1_201' title='bbox 1572 2082 1676 2179; x_wconf 78' lang='lat' dir='ltr'>Nostri</span> <span class='ocrx_word' id='word_1_202' title='bbox 1698 2082 1759 2155; x_wconf 81' lang='lat' dir='ltr'>lesu</span> <span class='ocrx_word' id='word_1_203' title='bbox 1779 2084 1871 2181; x_wconf 67' lang='lat' dir='ltr'>cun-</span> 
     </span>
     <span class='ocr_line' id='line_1_22' title="bbox 253 2162 1869 2347; baseline -0.002 -34"><span class='ocrx_word' id='word_1_204' title='bbox 253 2173 355 2324; x_wconf 63' lang='lat' dir='ltr'>illiti</span> <span class='ocrx_word' id='word_1_205' title='bbox 376 2166 586 2347; x_wconf 56' lang='lat' dir='ltr'>insidiiis</span> <span class='ocrx_word' id='word_1_206' title='bbox 604 2190 643 2315; x_wconf 67' lang='grc' dir='ltr'>’.ἱ</span> <span class='ocrx_word' id='word_1_207' title='bbox 659 2169 1041 2313; x_wconf 49' lang='lat' dir='ltr'>iustissimos:</span> <span class='ocrx_word' id='word_1_208' title='bbox 1078 2163 1342 2339; x_wconf 58' lang='lat' dir='ltr'>millarini</span> <span class='ocrx_word' id='word_1_209' title='bbox 1364 2162 1869 2338; x_wconf 58' lang='lat' dir='ltr'>ls2‘„;l&#39;⁰n“2l2tn53“3¹:m</span> 
     </span>
     <span class='ocr_line' id='line_1_23' title="bbox 253 2320 1867 2405; baseline -0.002 -12"><span class='ocrx_word' id='word_1_210' title='bbox 253 2332 329 2394; x_wconf 81' lang='lat' dir='ltr'>dinis</span> <span class='ocrx_word' id='word_1_211' title='bbox 349 2332 506 2396; x_wconf 89' lang='lat' dir='ltr'>Minotum</span> <span class='ocrx_word' id='word_1_212' title='bbox 528 2330 623 2391; x_wconf 72' lang='lat' dir='ltr'>Sansii</span> <span class='ocrx_word' id='word_1_213' title='bbox 645 2326 789 2393; x_wconf 85' lang='lat' dir='ltr'>Francisci</span> <span class='ocrx_word' id='word_1_214' title='bbox 820 2327 855 2391; x_wconf 89' lang='lat' dir='ltr'>de</span> <span class='ocrx_word' id='word_1_215' title='bbox 874 2324 1036 2391; x_wconf 86' lang='lat' dir='ltr'>Observau·</span> <span class='ocrx_word' id='word_1_216' title='bbox 1078 2320 1317 2405; x_wconf 72' lang='lat' dir='ltr'>dispensationem</span> <span class='ocrx_word' id='word_1_217' title='bbox 1368 2322 1533 2387; x_wconf 74' lang='lat' dir='ltr'>humilitati</span> <span class='ocrx_word' id='word_1_218' title='bbox 1572 2325 1675 2390; x_wconf 78' lang='lat' dir='ltr'>noslrae</span> <span class='ocrx_word' id='word_1_219' title='bbox 1721 2328 1867 2392; x_wconf 81' lang='lat' dir='ltr'>commisit</span> 
     </span>
     <span class='ocr_line' id='line_1_24' title="bbox 253 2403 1869 2552; baseline -0.01 -77"><span class='ocrx_word' id='word_1_220' title='bbox 253 2413 315 2489; x_wconf 88' lang='lat' dir='ltr'>tia,</span> <span class='ocrx_word' id='word_1_221' title='bbox 338 2414 427 2475; x_wconf 89' lang='lat' dir='ltr'>etiam</span> <span class='ocrx_word' id='word_1_222' title='bbox 440 2408 678 2474; x_wconf 82' lang='lat' dir='ltr'>Reformatotum</span> <span class='ocrx_word' id='word_1_223' title='bbox 699 2425 952 2552; x_wconf 77' lang='lat' dir='ltr'>nuncupatorum,</span> <span class='ocrx_word' id='word_1_224' title='bbox 975 2406 1036 2500; x_wconf 76' lang='lat' dir='ltr'>ubi·</span> <span class='ocrx_word' id='word_1_225' title='bbox 1080 2404 1186 2479; x_wconf 87' lang='lat' dir='ltr'>Deus,</span> <span class='ocrx_word' id='word_1_226' title='bbox 1228 2403 1306 2467; x_wconf 84' lang='lat' dir='ltr'>fideli</span> <span class='ocrx_word' id='word_1_227' title='bbox 1339 2403 1537 2543; x_wconf 73' lang='lat' dir='ltr'>prudentique</span> <span class='ocrx_word' id='word_1_228' title='bbox 1571 2405 1746 2501; x_wconf 60' lang='lat' dir='ltr'>liberalium</span> <span class='ocrx_word' id='word_1_229' title='bbox 1776 2408 1869 2473; x_wconf 44' lang='lat' dir='ltr'>libau.</span> 
     </span>
     <span class='ocr_line' id='line_1_25' title="bbox 256 2484 1869 2575; baseline -0.002 -19"><span class='ocrx_word' id='word_1_230' title='bbox 256 2512 312 2575; x_wconf 90' lang='lat' dir='ltr'>que</span> <span class='ocrx_word' id='word_1_231' title='bbox 333 2491 514 2558; x_wconf 83' lang='lat' dir='ltr'>exilientium</span> <span class='ocrx_word' id='word_1_232' title='bbox 544 2489 591 2554; x_wconf 90' lang='lat' dir='ltr'>die</span> <span class='ocrx_word' id='word_1_233' title='bbox 614 2511 641 2552; x_wconf 85' lang='lat'>2.</span> <span class='ocrx_word' id='word_1_234' title='bbox 665 2490 766 2556; x_wconf 85' lang='lat' dir='ltr'>mensis</span> <span class='ocrx_word' id='word_1_235' title='bbox 861 2489 911 2551; x_wconf 84' lang='lat' dir='ltr'>ulli</span> <span class='ocrx_word' id='word_1_236' title='bbox 941 2508 959 2550; x_wconf 90' lang='lat' dir='ltr'>a</span> <span class='ocrx_word' id='word_1_237' title='bbox 1002 2508 1059 2548; x_wconf 52' lang='lat' dir='ltr'>ri«</span> <span class='ocrx_word' id='word_1_238' title='bbox 1078 2502 1123 2547; x_wconf 91' lang='lat' dir='ltr'>tei</span> <span class='ocrx_word' id='word_1_239' title='bbox 1144 2505 1314 2564; x_wconf 81' lang='lat' dir='ltr'>erogamus,</span> <span class='ocrx_word' id='word_1_240' title='bbox 1350 2500 1409 2548; x_wconf 92' lang='lat' dir='ltr'>icut</span> <span class='ocrx_word' id='word_1_241' title='bbox 1430 2505 1484 2567; x_wconf 90' lang='lat' dir='ltr'>pia</span> <span class='ocrx_word' id='word_1_242' title='bbox 1507 2484 1674 2550; x_wconf 80' lang='lat' dir='ltr'>sublimium</span> <span class='ocrx_word' id='word_1_243' title='bbox 1698 2486 1869 2572; x_wconf 87' lang='lat' dir='ltr'>Principum</span> 
     </span>
     <span class='ocr_line' id='line_1_26' title="bbox 254 2506 1860 2660; baseline -0.002 -24"><span class='ocrx_word' id='word_1_244' title='bbox 254 2572 312 2636; x_wconf 86' lang='lat' dir='ltr'>mia</span> <span class='ocrx_word' id='word_1_245' title='bbox 332 2571 467 2658; x_wconf 85' lang='lat' dir='ltr'>Vesperis</span> <span class='ocrx_word' id='word_1_246' title='bbox 487 2567 573 2650; x_wconf 87' lang='lat' dir='ltr'>usque</span> <span class='ocrx_word' id='word_1_247' title='bbox 594 2572 629 2632; x_wconf 87' lang='lat' dir='ltr'>ad</span> <span class='ocrx_word' id='word_1_248' title='bbox 649 2569 782 2635; x_wconf 90' lang='lat' dir='ltr'>occasum</span> <span class='ocrx_word' id='word_1_249' title='bbox 804 2570 842 2633; x_wconf 90' lang='lat' dir='ltr'>So</span> <span class='ocrx_word' id='word_1_250' title='bbox 855 2589 879 2631; x_wconf 83' lang='lat' dir='ltr'>is</span> <span class='ocrx_word' id='word_1_251' title='bbox 906 2567 964 2633; x_wconf 89' lang='lat' dir='ltr'>diei</span> <span class='ocrx_word' id='word_1_252' title='bbox 979 2506 1037 2629; x_wconf 84' lang='lat' dir='ltr'>liu·</span> <span class='ocrx_word' id='word_1_253' title='bbox 1078 2566 1230 2660; x_wconf 69' lang='lat' dir='ltr'>praelatis</span> <span class='ocrx_word' id='word_1_254' title='bbox 1241 2565 1271 2627; x_wconf 92' lang='lat' dir='ltr'>in</span> <span class='ocrx_word' id='word_1_255' title='bbox 1293 2564 1449 2628; x_wconf 80' lang='lat' dir='ltr'>Ecclesiam</span> <span class='ocrx_word' id='word_1_256' title='bbox 1463 2565 1517 2629; x_wconf 88' lang='lat' dir='ltr'>Dei</span> <span class='ocrx_word' id='word_1_257' title='bbox 1539 2569 1650 2632; x_wconf 82' lang='lat' dir='ltr'>meritis</span> <span class='ocrx_word' id='word_1_258' title='bbox 1670 2568 1860 2650; x_wconf 78' lang='lat' dir='ltr'>fulgentium,</span> 
     </span>
     <span class='ocr_line' id='line_1_27' title="bbox 253 2644 1861 2745; baseline 0 -31"><span class='ocrx_word' id='word_1_259' title='bbox 253 2649 381 2726; x_wconf 80' lang='lat' dir='ltr'>jusmodi</span> <span class='ocrx_word' id='word_1_260' title='bbox 411 2651 493 2713; x_wconf 88' lang='lat' dir='ltr'>annis</span> <span class='ocrx_word' id='word_1_261' title='bbox 524 2649 639 2731; x_wconf 82' lang='lat' dir='ltr'>singulis</span> <span class='ocrx_word' id='word_1_262' title='bbox 669 2651 773 2715; x_wconf 87' lang='lat' dir='ltr'>devote</span> <span class='ocrx_word' id='word_1_263' title='bbox 793 2646 974 2722; x_wconf 76' lang='lat' dir='ltr'>visitassent,</span> <span class='ocrx_word' id='word_1_264' title='bbox 1007 2647 1038 2709; x_wconf 76' lang='grc' dir='ltr'>δι</span> <span class='ocrx_word' id='word_1_265' title='bbox 1078 2666 1111 2708; x_wconf 90' lang='lat' dir='ltr'>ac</span> <span class='ocrx_word' id='word_1_266' title='bbox 1135 2644 1351 2728; x_wconf 84' lang='lat' dir='ltr'>Religiolorum</span> <span class='ocrx_word' id='word_1_267' title='bbox 1373 2646 1504 2710; x_wconf 84' lang='lat' dir='ltr'>virorum</span> <span class='ocrx_word' id='word_1_268' title='bbox 1527 2651 1670 2745; x_wconf 81' lang='lat' dir='ltr'>propria,</span> <span class='ocrx_word' id='word_1_269' title='bbox 1703 2649 1743 2712; x_wconf 91' lang='lat' dir='ltr'>ali</span> <span class='ocrx_word' id='word_1_270' title='bbox 1823 2672 1861 2716; x_wconf 89' lang='lat' dir='ltr'>ue</span> 
     </span>
     <span class='ocr_line' id='line_1_28' title="bbox 252 2724 1859 2815; baseline -0.001 -21"><span class='ocrx_word' id='word_1_271' title='bbox 252 2732 295 2795; x_wconf 87' lang='lat' dir='ltr'>ibi</span> <span class='ocrx_word' id='word_1_272' title='bbox 326 2750 379 2815; x_wconf 89' lang='lat' dir='ltr'>pro</span> <span class='ocrx_word' id='word_1_273' title='bbox 398 2730 631 2794; x_wconf 83' lang='lat' dir='ltr'>Christianorum</span> <span class='ocrx_word' id='word_1_274' title='bbox 654 2730 822 2814; x_wconf 84' lang='lat' dir='ltr'>Principum</span> <span class='ocrx_word' id='word_1_275' title='bbox 852 2726 1036 2803; x_wconf 88' lang='lat' dir='ltr'>concordia,</span> <span class='ocrx_word' id='word_1_276' title='bbox 1078 2724 1164 2790; x_wconf 88' lang='lat' dir='ltr'>saluti</span> <span class='ocrx_word' id='word_1_277' title='bbox 1195 2725 1377 2789; x_wconf 88' lang='lat' dir='ltr'>laudabiliter</span> <span class='ocrx_word' id='word_1_278' title='bbox 1407 2725 1628 2793; x_wconf 87' lang='lat' dir='ltr'>incumbentium</span> <span class='ocrx_word' id='word_1_279' title='bbox 1659 2747 1726 2796; x_wconf 78' lang='lat' dir='ltr'>rota</span> <span class='ocrx_word' id='word_1_280' title='bbox 1757 2751 1797 2814; x_wconf 95' lang='lat' dir='ltr'>po</span> <span class='ocrx_word' id='word_1_281' title='bbox 1822 2752 1859 2793; x_wconf 89' lang='lat' dir='ltr'>u·</span> 
     </span>
     <span class='ocr_line' id='line_1_29' title="bbox 253 2803 1865 2894; baseline -0.005 -19"><span class='ocrx_word' id='word_1_282' title='bbox 253 2810 389 2876; x_wconf 76' lang='lat' dir='ltr'>heresum</span> <span class='ocrx_word' id='word_1_283' title='bbox 411 2810 635 2894; x_wconf 82' lang='lat' dir='ltr'>extirpatione,</span> <span class='ocrx_word' id='word_1_284' title='bbox 671 2831 706 2873; x_wconf 88' lang='lat' dir='ltr'>ac</span> <span class='ocrx_word' id='word_1_285' title='bbox 726 2812 754 2874; x_wconf 89' lang='lat' dir='ltr'>S.</span> <span class='ocrx_word' id='word_1_286' title='bbox 776 2809 886 2872; x_wconf 82' lang='lat' dir='ltr'>Matris</span> <span class='ocrx_word' id='word_1_287' title='bbox 906 2805 1037 2871; x_wconf 74' lang='lat' dir='ltr'>Ecclesia</span> <span class='ocrx_word' id='word_1_288' title='bbox 1077 2803 1161 2880; x_wconf 85' lang='lat' dir='ltr'>lant,</span> <span class='ocrx_word' id='word_1_289' title='bbox 1194 2805 1313 2869; x_wconf 87' lang='lat' dir='ltr'>&amp;Nos</span> <span class='ocrx_word' id='word_1_290' title='bbox 1334 2805 1570 2890; x_wconf 83' lang='lat' dir='ltr'>adaugendam,</span> <span class='ocrx_word' id='word_1_291' title='bbox 1596 2810 1803 2892; x_wconf 68' lang='lat' dir='ltr'>{nimbusque</span> <span class='ocrx_word' id='word_1_292' title='bbox 1824 2809 1865 2872; x_wconf 74' lang='lat' dir='ltr'>fl.</span> 
     </span>
     <span class='ocr_line' id='line_1_30' title="bbox 254 2885 1870 2974; baseline -0.003 -17"><span class='ocrx_word' id='word_1_293' title='bbox 254 2892 453 2968; x_wconf 83' lang='lat' dir='ltr'>exaltatione,</span> <span class='ocrx_word' id='word_1_294' title='bbox 484 2892 548 2973; x_wconf 83' lang='lat' dir='ltr'>pius</span> <span class='ocrx_word' id='word_1_295' title='bbox 568 2891 603 2952; x_wconf 91' lang='lat' dir='ltr'>ad</span> <span class='ocrx_word' id='word_1_296' title='bbox 626 2889 721 2955; x_wconf 87' lang='lat' dir='ltr'>Deum</span> <span class='ocrx_word' id='word_1_297' title='bbox 743 2886 1040 2974; x_wconf 72' lang='lat' dir='ltr'>preceseffudiisent,</span> <span class='ocrx_word' id='word_1_298' title='bbox 1078 2885 1186 2949; x_wconf 92' lang='lat' dir='ltr'>delium</span> <span class='ocrx_word' id='word_1_299' title='bbox 1218 2886 1359 2969; x_wconf 90' lang='lat' dir='ltr'>pietatem</span> <span class='ocrx_word' id='word_1_300' title='bbox 1390 2888 1575 2972; x_wconf 84' lang='lat' dir='ltr'>profuturum</span> <span class='ocrx_word' id='word_1_301' title='bbox 1603 2892 1632 2953; x_wconf 80' lang='lat' dir='ltr'>&#39;in</span> <span class='ocrx_word' id='word_1_302' title='bbox 1651 2892 1782 2954; x_wconf 81' lang='lat' dir='ltr'>Domino</span> <span class='ocrx_word' id='word_1_303' title='bbox 1819 2911 1870 2952; x_wconf 85' lang='lat' dir='ltr'>ar·</span> 
     </span>
     <span class='ocr_line' id='line_1_31' title="bbox 253 2966 1872 3057; baseline 0.001 -25"><span class='ocrx_word' id='word_1_304' title='bbox 253 2973 415 3057; x_wconf 83' lang='lat' dir='ltr'>plenariam</span> <span class='ocrx_word' id='word_1_305' title='bbox 436 2971 571 3035; x_wconf 86' lang='lat' dir='ltr'>omnium</span> <span class='ocrx_word' id='word_1_306' title='bbox 593 2988 779 3056; x_wconf 88' lang='lat' dir='ltr'>peccatorum</span> <span class='ocrx_word' id='word_1_307' title='bbox 802 2967 916 3034; x_wconf 88' lang='lat' dir='ltr'>suorum</span> <span class='ocrx_word' id='word_1_308' title='bbox 940 2966 1038 3033; x_wconf 91' lang='lat' dir='ltr'>Indul-</span> <span class='ocrx_word' id='word_1_309' title='bbox 1079 2967 1249 3031; x_wconf 89' lang='lat' dir='ltr'>bitramur.</span> <span class='ocrx_word' id='word_1_310' title='bbox 1283 2969 1312 3031; x_wconf 91' lang='lat' dir='ltr'>It</span> <span class='ocrx_word' id='word_1_311' title='bbox 1352 2989 1385 3032; x_wconf 91' lang='lat' dir='ltr'>ue</span> <span class='ocrx_word' id='word_1_312' title='bbox 1407 2967 1550 3052; x_wconf 88' lang='lat' dir='ltr'>spirituali</span> <span class='ocrx_word' id='word_1_313' title='bbox 1574 2971 1812 3037; x_wconf 84' lang='lat' dir='ltr'>Chrislilidelium</span> <span class='ocrx_word' id='word_1_314' title='bbox 1833 2972 1872 3034; x_wconf 88' lang='lat' dir='ltr'>ad</span> 
     </span>
     <span class='ocr_line' id='line_1_32' title="bbox 253 3046 1868 3136; baseline -0.001 -21"><span class='ocrx_word' id='word_1_315' title='bbox 253 3055 382 3135; x_wconf 66' lang='lat' dir='ltr'>gentiam</span> <span class='ocrx_word' id='word_1_316' title='bbox 405 3051 652 3119; x_wconf 86' lang='lat' dir='ltr'>&amp;remissionem</span> <span class='ocrx_word' id='word_1_317' title='bbox 674 3049 897 3118; x_wconf 84' lang='lat' dir='ltr'>misericorditer</span> <span class='ocrx_word' id='word_1_318' title='bbox 926 3049 956 3112; x_wconf 91' lang='lat' dir='ltr'>in</span> <span class='ocrx_word' id='word_1_319' title='bbox 978 3049 1039 3111; x_wconf 88' lang='lat' dir='ltr'>Do·</span> <span class='ocrx_word' id='word_1_320' title='bbox 1081 3046 1237 3111; x_wconf 77' lang='lat' dir='ltr'>Ecclesiam</span> <span class='ocrx_word' id='word_1_321' title='bbox 1260 3048 1289 3112; x_wconf 82' lang='lat' dir='ltr'>S.</span> <span class='ocrx_word' id='word_1_322' title='bbox 1353 3047 1420 3112; x_wconf 81' lang='lat' dir='ltr'>aria</span> <span class='ocrx_word' id='word_1_323' title='bbox 1442 3052 1625 3136; x_wconf 77' lang='lat' dir='ltr'>Angelorum</span> <span class='ocrx_word' id='word_1_324' title='bbox 1647 3075 1704 3118; x_wconf 92' lang='lat' dir='ltr'>nun</span> <span class='ocrx_word' id='word_1_325' title='bbox 1799 3072 1868 3126; x_wconf 87' lang='lat' dir='ltr'>arn,</span> 
     </span>
     <span class='ocr_line' id='line_1_33' title="bbox 253 3129 1871 3217; baseline -0.002 -20"><span class='ocrx_word' id='word_1_326' title='bbox 253 3135 338 3198; x_wconf 89' lang='lat' dir='ltr'>mino</span> <span class='ocrx_word' id='word_1_327' title='bbox 358 3132 510 3206; x_wconf 82' lang='lat' dir='ltr'>concessit,</span> <span class='ocrx_word' id='word_1_328' title='bbox 532 3134 563 3195; x_wconf 78' lang='grc' dir='ltr'>δι</span> <span class='ocrx_word' id='word_1_329' title='bbox 584 3134 672 3210; x_wconf 82' lang='lat' dir='ltr'>aliar,</span> <span class='ocrx_word' id='word_1_330' title='bbox 703 3149 790 3217; x_wconf 89' lang='lat' dir='ltr'>prout</span> <span class='ocrx_word' id='word_1_331' title='bbox 810 3132 840 3194; x_wconf 89' lang='lat' dir='ltr'>in</span> <span class='ocrx_word' id='word_1_332' title='bbox 861 3131 946 3216; x_wconf 86' lang='lat' dir='ltr'>ipfius</span> <span class='ocrx_word' id='word_1_333' title='bbox 962 3129 1039 3196; x_wconf 79' lang='lat' dir='ltr'>‚Gre·</span> <span class='ocrx_word' id='word_1_334' title='bbox 1082 3129 1195 3194; x_wconf 88' lang='lat' dir='ltr'>Domus</span> <span class='ocrx_word' id='word_1_335' title='bbox 1216 3129 1351 3194; x_wconf 85' lang='lat' dir='ltr'>Fratrum</span> <span class='ocrx_word' id='word_1_336' title='bbox 1372 3131 1492 3197; x_wconf 89' lang='lat' dir='ltr'>Ordinis</span> <span class='ocrx_word' id='word_1_337' title='bbox 1511 3133 1669 3197; x_wconf 86' lang='lat' dir='ltr'>Minorurn</span> <span class='ocrx_word' id='word_1_338' title='bbox 1698 3134 1729 3197; x_wconf 80' lang='lat' dir='ltr'>S.</span> <span class='ocrx_word' id='word_1_339' title='bbox 1781 3134 1871 3198; x_wconf 80' lang='lat' dir='ltr'>ranci-</span> 
     </span>
     <span class='ocr_line' id='line_1_34' title="bbox 274 3208 1872 3298; baseline 0.001 -18"><span class='ocrx_word' id='word_1_340' title='bbox 274 3214 330 3280; x_wconf 88' lang='lat' dir='ltr'>orii</span> <span class='ocrx_word' id='word_1_341' title='bbox 354 3215 561 3278; x_wconf 82' lang='lat' dir='ltr'>Pradecesloris</span> <span class='ocrx_word' id='word_1_342' title='bbox 591 3215 711 3278; x_wconf 89' lang='lat' dir='ltr'>Litteris</span> <span class='ocrx_word' id='word_1_343' title='bbox 741 3214 858 3297; x_wconf 77' lang='lat' dir='ltr'>desuper</span> <span class='ocrx_word' id='word_1_344' title='bbox 889 3214 919 3274; x_wconf 93' lang='lat' dir='ltr'>in</span> <span class='ocrx_word' id='word_1_345' title='bbox 949 3209 1035 3276; x_wconf 84' lang='lat' dir='ltr'>fimili</span> <span class='ocrx_word' id='word_1_346' title='bbox 1078 3209 1116 3274; x_wconf 88' lang='lat' dir='ltr'>sci</span> <span class='ocrx_word' id='word_1_347' title='bbox 1146 3211 1182 3275; x_wconf 94' lang='lat' dir='ltr'>de</span> <span class='ocrx_word' id='word_1_348' title='bbox 1202 3208 1400 3275; x_wconf 78' lang='lat' dir='ltr'>Obseruantia</span> <span class='ocrx_word' id='word_1_349' title='bbox 1429 3233 1662 3294; x_wconf 86' lang='lat' dir='ltr'>nuncupatorum</span> <span class='ocrx_word' id='word_1_350' title='bbox 1707 3235 1807 3298; x_wconf 90' lang='lat' dir='ltr'>rope,</span> <span class='ocrx_word' id='word_1_351' title='bbox 1831 3211 1872 3278; x_wconf 63' lang='grc' dir='ltr'>ἶ(</span> 
     </span>
     <span class='ocr_line' id='line_1_35' title="bbox 253 3237 1870 3378; baseline 0.001 -21"><span class='ocrx_word' id='word_1_352' title='bbox 253 3237 350 3358; x_wconf 74' lang='lat' dir='ltr'>lotura</span> <span class='ocrx_word' id='word_1_353' title='bbox 371 3294 471 3358; x_wconf 85' lang='lat' dir='ltr'>Breuis</span> <span class='ocrx_word' id='word_1_354' title='bbox 491 3295 537 3356; x_wconf 88' lang='lat' dir='ltr'>die</span> <span class='ocrx_word' id='word_1_355' title='bbox 557 3293 762 3371; x_wconf 59' lang='lat' dir='ltr'>adalidem</span> <span class='ocrx_word' id='word_1_356' title='bbox 784 3316 819 3358; x_wconf 82' lang='lat' dir='ltr'>er</span> <span class='ocrx_word' id='word_1_357' title='bbox 879 3292 1037 3373; x_wconf 83' lang='lat' dir='ltr'>itis,quas</span> <span class='ocrx_word' id='word_1_358' title='bbox 1077 3309 1159 3356; x_wconf 80' lang='lat' dir='ltr'>extra</span> <span class='ocrx_word' id='word_1_359' title='bbox 1180 3312 1279 3356; x_wconf 83' lang='lat' dir='ltr'>tnntot</span> <span class='ocrx_word' id='word_1_360' title='bbox 1299 3291 1442 3358; x_wconf 81' lang='lat' dir='ltr'>Civitatis</span> <span class='ocrx_word' id='word_1_361' title='bbox 1463 3293 1593 3359; x_wconf 74' lang='lat' dir='ltr'>Anien.</span> <span class='ocrx_word' id='word_1_362' title='bbox 1623 3295 1673 3360; x_wconf 70' lang='lat' dir='ltr'>all*</span> <span class='ocrx_word' id='word_1_363' title='bbox 1695 3318 1731 3361; x_wconf 91' lang='lat' dir='ltr'>ue</span> <span class='ocrx_word' id='word_1_364' title='bbox 1752 3301 1870 3378; x_wconf 82' lang='lat' dir='ltr'>(otac-</span> 
     </span>
    </p>
   </div>
   <div class='ocr_carea' id='block_1_7' title="bbox 254 3293 1869 3517">
    <p class='ocr_par' dir='ltr' id='par_1_8' title="bbox 254 3293 1869 3517">
     <span class='ocr_line' id='line_1_36' title="bbox 254 3293 1869 3517; baseline 0.001 -81"><span class='ocrx_word' id='word_1_365' title='bbox 254 3374 401 3457; x_wconf 85' lang='lat' dir='ltr'>perpetuit</span> <span class='ocrx_word' id='word_1_366' title='bbox 438 3372 541 3439; x_wconf 81' lang='lat' dir='ltr'>suturis</span> <span class='ocrx_word' id='word_1_367' title='bbox 571 3374 751 3517; x_wconf 54' lang='lat' dir='ltr'>temporibus</span> <span class='ocrx_word' id='word_1_368' title='bbox 789 3293 885 3438; x_wconf 46' lang='lat' dir='ltr'>vilella</span> <span class='ocrx_word' id='word_1_369' title='bbox 913 3371 1035 3450; x_wconf 86' lang='lat' dir='ltr'>voluit,</span> <span class='ocrx_word' id='word_1_370' title='bbox 1076 3373 1231 3456; x_wconf 85' lang='lat' dir='ltr'>cepimus)</span> <span class='ocrx_word' id='word_1_371' title='bbox 1262 3395 1298 3437; x_wconf 82' lang='lat' dir='ltr'>ex</span> <span class='ocrx_word' id='word_1_372' title='bbox 1320 3372 1457 3438; x_wconf 85' lang='lat' dir='ltr'>universis</span> <span class='ocrx_word' id='word_1_373' title='bbox 1476 3375 1633 3440; x_wconf 86' lang='lat' dir='ltr'>Chrisliani</span> <span class='ocrx_word' id='word_1_374' title='bbox 1654 3378 1746 3441; x_wconf 84' lang='lat' dir='ltr'>Orbis</span> <span class='ocrx_word' id='word_1_375' title='bbox 1816 3376 1869 3439; x_wconf 87' lang='lat' dir='ltr'>rri-</span> 
     </span>
    </p>
   </div>
   <div class='ocr_carea' id='block_1_8' title="bbox 210 3451 1885 4828">
    <p class='ocr_par' dir='ltr' id='par_1_9' title="bbox 210 3451 1885 4828">
     <span class='ocr_line' id='line_1_37' title="bbox 253 3451 1865 3523; baseline 0.002 -5"><span class='ocrx_word' id='word_1_376' title='bbox 253 3454 367 3520; x_wconf 85' lang='lat' dir='ltr'>ubetius</span> <span class='ocrx_word' id='word_1_377' title='bbox 396 3455 591 3520; x_wconf 87' lang='lat' dir='ltr'>continetur.</span> <span class='ocrx_word' id='word_1_378' title='bbox 650 3474 698 3518; x_wconf 86' lang='lat' dir='ltr'>uni</span> <span class='ocrx_word' id='word_1_379' title='bbox 720 3472 817 3519; x_wconf 85' lang='lat' dir='ltr'>ruteni</span> <span class='ocrx_word' id='word_1_380' title='bbox 847 3453 967 3518; x_wconf 73' lang='lat' dir='ltr'>diledlus</span> <span class='ocrx_word' id='word_1_381' title='bbox 986 3451 1036 3514; x_wconf 86' lang='lat' dir='ltr'>Fi·</span> <span class='ocrx_word' id='word_1_382' title='bbox 1077 3455 1130 3518; x_wconf 87' lang='lat' dir='ltr'>biis</span> <span class='ocrx_word' id='word_1_383' title='bbox 1150 3453 1314 3519; x_wconf 86' lang='lat' dir='ltr'>devotionis</span> <span class='ocrx_word' id='word_1_384' title='bbox 1334 3452 1419 3517; x_wconf 87' lang='lat' dir='ltr'>causa</span> <span class='ocrx_word' id='word_1_385' title='bbox 1437 3454 1652 3522; x_wconf 81' lang='lat' dir='ltr'>confluentium</span> <span class='ocrx_word' id='word_1_386' title='bbox 1685 3456 1775 3523; x_wconf 82' lang='lat' dir='ltr'>conso</span> <span class='ocrx_word' id='word_1_387' title='bbox 1785 3459 1865 3521; x_wconf 84' lang='lat' dir='ltr'>ario-</span> 
     </span>
     <span class='ocr_line' id='line_1_38' title="bbox 254 3533 1870 3620; baseline 0.003 -22"><span class='ocrx_word' id='word_1_388' title='bbox 254 3536 310 3600; x_wconf 85' lang='lat' dir='ltr'>lius</span> <span class='ocrx_word' id='word_1_389' title='bbox 341 3536 495 3599; x_wconf 85' lang='lat' dir='ltr'>modernus</span> <span class='ocrx_word' id='word_1_390' title='bbox 515 3537 689 3600; x_wconf 87' lang='lat' dir='ltr'>Procurator</span> <span class='ocrx_word' id='word_1_391' title='bbox 709 3534 861 3600; x_wconf 86' lang='lat' dir='ltr'>Generalis</span> <span class='ocrx_word' id='word_1_392' title='bbox 889 3533 958 3597; x_wconf 75' lang='lat' dir='ltr'>disli</span> <span class='ocrx_word' id='word_1_393' title='bbox 979 3538 1037 3599; x_wconf 89' lang='lat' dir='ltr'>Or·</span> <span class='ocrx_word' id='word_1_394' title='bbox 1080 3535 1128 3610; x_wconf 89' lang='lat' dir='ltr'>ni,</span> <span class='ocrx_word' id='word_1_395' title='bbox 1151 3553 1239 3618; x_wconf 89' lang='lat' dir='ltr'>atque</span> <span class='ocrx_word' id='word_1_396' title='bbox 1259 3534 1541 3614; x_wconf 85' lang='lat' dir='ltr'>animarumsaluri,</span> <span class='ocrx_word' id='word_1_397' title='bbox 1564 3558 1708 3620; x_wconf 88' lang='lat' dir='ltr'>quantum</span> <span class='ocrx_word' id='word_1_398' title='bbox 1731 3538 1870 3603; x_wconf 85' lang='lat' dir='ltr'>cumDo-</span> 
     </span>
     <span class='ocr_line' id='line_1_39' title="bbox 252 3614 1871 3701; baseline 0.002 -21"><span class='ocrx_word' id='word_1_399' title='bbox 252 3615 346 3693; x_wconf 84' lang='lat' dir='ltr'>dinis,</span> <span class='ocrx_word' id='word_1_400' title='bbox 370 3633 402 3682; x_wconf 92' lang='lat' dir='ltr'>ut</span> <span class='ocrx_word' id='word_1_401' title='bbox 417 3616 513 3682; x_wconf 86' lang='lat' dir='ltr'>Nobis</span> <span class='ocrx_word' id='word_1_402' title='bbox 534 3634 624 3699; x_wconf 90' lang='lat' dir='ltr'>nuper</span> <span class='ocrx_word' id='word_1_403' title='bbox 645 3614 751 3699; x_wconf 86' lang='lat' dir='ltr'>erponi</span> <span class='ocrx_word' id='word_1_404' title='bbox 774 3614 862 3688; x_wconf 87' lang='lat' dir='ltr'>fecit,</span> <span class='ocrx_word' id='word_1_405' title='bbox 885 3614 1038 3698; x_wconf 67' lang='lat' dir='ltr'>indulgen</span> <span class='ocrx_word' id='word_1_406' title='bbox 1080 3617 1163 3678; x_wconf 89' lang='lat' dir='ltr'>mino</span> <span class='ocrx_word' id='word_1_407' title='bbox 1185 3615 1348 3700; x_wconf 88' lang='lat' dir='ltr'>possumus,</span> <span class='ocrx_word' id='word_1_408' title='bbox 1382 3618 1503 3701; x_wconf 83' lang='lat' dir='ltr'>benigne</span> <span class='ocrx_word' id='word_1_409' title='bbox 1523 3618 1688 3694; x_wconf 86' lang='lat' dir='ltr'>consulere,</span> <span class='ocrx_word' id='word_1_410' title='bbox 1723 3642 1777 3683; x_wconf 87' lang='lat' dir='ltr'>nec</span> <span class='ocrx_word' id='word_1_411' title='bbox 1808 3639 1871 3681; x_wconf 80' lang='lat' dir='ltr'>nou</span> 
     </span>
     <span class='ocr_line' id='line_1_40' title="bbox 210 3694 1868 3780; baseline 0 -18"><span class='ocrx_word' id='word_1_412' title='bbox 210 3707 211 3710; x_wconf 75' lang='grc'>’</span> <span class='ocrx_word' id='word_1_413' title='bbox 252 3697 326 3762; x_wconf 85' lang='lat' dir='ltr'>iiam</span> <span class='ocrx_word' id='word_1_414' title='bbox 348 3697 525 3780; x_wconf 86' lang='lat' dir='ltr'>plenariam,</span> <span class='ocrx_word' id='word_1_415' title='bbox 556 3698 587 3761; x_wconf 71' lang='lat' dir='ltr'>sa</span> <span class='ocrx_word' id='word_1_416' title='bbox 607 3715 792 3780; x_wconf 88' lang='lat' dir='ltr'>peccatorum</span> <span class='ocrx_word' id='word_1_417' title='bbox 815 3694 1036 3772; x_wconf 84' lang='lat' dir='ltr'>remislionem,</span> <span class='ocrx_word' id='word_1_418' title='bbox 1079 3695 1178 3759; x_wconf 71' lang='lat' dir='ltr'>dilesii</span> <span class='ocrx_word' id='word_1_419' title='bbox 1209 3695 1278 3758; x_wconf 84' lang='lat' dir='ltr'>Filii</span> <span class='ocrx_word' id='word_1_420' title='bbox 1303 3697 1509 3762; x_wconf 83' lang='lat' dir='ltr'>Bonaventura</span> <span class='ocrx_word' id='word_1_421' title='bbox 1532 3701 1626 3763; x_wconf 86' lang='lat' dir='ltr'>Puerii</span> <span class='ocrx_word' id='word_1_422' title='bbox 1650 3701 1783 3764; x_wconf 82' lang='lat' dir='ltr'>Minillri</span> <span class='ocrx_word' id='word_1_423' title='bbox 1806 3701 1868 3762; x_wconf 89' lang='lat' dir='ltr'>Ge·</span> 
     </span>
     <span class='ocr_line' id='line_1_41' title="bbox 251 3775 1866 3863; baseline 0.001 -23"><span class='ocrx_word' id='word_1_424' title='bbox 251 3799 303 3862; x_wconf 91' lang='lat' dir='ltr'>per</span> <span class='ocrx_word' id='word_1_425' title='bbox 323 3778 430 3842; x_wconf 76' lang='lat' dir='ltr'>dicium</span> <span class='ocrx_word' id='word_1_426' title='bbox 451 3778 628 3859; x_wconf 76' lang='lat' dir='ltr'>Gregorium</span> <span class='ocrx_word' id='word_1_427' title='bbox 639 3777 888 3854; x_wconf 79' lang='lat' dir='ltr'>Przdecellorem,</span> <span class='ocrx_word' id='word_1_428' title='bbox 910 3795 944 3842; x_wconf 91' lang='lat' dir='ltr'>ut</span> <span class='ocrx_word' id='word_1_429' title='bbox 967 3796 1036 3859; x_wconf 66' lang='lat' dir='ltr'>pra</span> <span class='ocrx_word' id='word_1_430' title='bbox 1078 3777 1184 3842; x_wconf 85' lang='lat' dir='ltr'>neralis</span> <span class='ocrx_word' id='word_1_431' title='bbox 1212 3775 1281 3839; x_wconf 76' lang='lat' dir='ltr'>dicii</span> <span class='ocrx_word' id='word_1_432' title='bbox 1302 3779 1422 3842; x_wconf 88' lang='lat' dir='ltr'>Ordinis</span> <span class='ocrx_word' id='word_1_433' title='bbox 1452 3777 1733 3863; x_wconf 77' lang='lat' dir='ltr'>supplicationibus,</span> <span class='ocrx_word' id='word_1_434' title='bbox 1776 3782 1866 3845; x_wconf 84' lang='lat' dir='ltr'>eriam</span> 
     </span>
     <span class='ocr_line' id='line_1_42' title="bbox 250 3856 1868 3944; baseline 0.001 -22"><span class='ocrx_word' id='word_1_435' title='bbox 250 3859 368 3934; x_wconf 88' lang='lat' dir='ltr'>seitur,</span> <span class='ocrx_word' id='word_1_436' title='bbox 400 3861 584 3934; x_wconf 85' lang='lat' dir='ltr'>concessam,</span> <span class='ocrx_word' id='word_1_437' title='bbox 613 3858 703 3923; x_wconf 88' lang='lat' dir='ltr'>etiam</span> <span class='ocrx_word' id='word_1_438' title='bbox 725 3859 876 3924; x_wconf 87' lang='lat' dir='ltr'>animabus</span> <span class='ocrx_word' id='word_1_439' title='bbox 895 3856 1036 3922; x_wconf 84' lang='lat' dir='ltr'>Cbrillill·</span> <span class='ocrx_word' id='word_1_440' title='bbox 1077 3857 1172 3923; x_wconf 84' lang='lat' dir='ltr'>totius</span> <span class='ocrx_word' id='word_1_441' title='bbox 1189 3856 1309 3921; x_wconf 88' lang='lat' dir='ltr'>Ordinis</span> <span class='ocrx_word' id='word_1_442' title='bbox 1329 3859 1455 3941; x_wconf 70' lang='lat' dir='ltr'>pradidii</span> <span class='ocrx_word' id='word_1_443' title='bbox 1486 3861 1633 3939; x_wconf 89' lang='lat' dir='ltr'>nomine,</span> <span class='ocrx_word' id='word_1_444' title='bbox 1667 3862 1766 3927; x_wconf 85' lang='lat' dir='ltr'>Nobis</span> <span class='ocrx_word' id='word_1_445' title='bbox 1787 3860 1868 3944; x_wconf 84' lang='lat' dir='ltr'>super</span> 
     </span>
     <span class='ocr_line' id='line_1_43' title="bbox 251 3937 1871 4034; baseline 0.001 -31"><span class='ocrx_word' id='word_1_446' title='bbox 251 3939 359 4004; x_wconf 85' lang='lat' dir='ltr'>delium</span> <span class='ocrx_word' id='word_1_447' title='bbox 381 3938 579 4004; x_wconf 70' lang='lat' dir='ltr'>dennuomn</span> <span class='ocrx_word' id='word_1_448' title='bbox 610 3959 660 4023; x_wconf 91' lang='lat' dir='ltr'>per</span> <span class='ocrx_word' id='word_1_449' title='bbox 681 3938 801 4002; x_wconf 89' lang='lat' dir='ltr'>modum</span> <span class='ocrx_word' id='word_1_450' title='bbox 832 3937 956 4021; x_wconf 77' lang='lat' dir='ltr'>suffragii</span> <span class='ocrx_word' id='word_1_451' title='bbox 987 3958 1036 4034; x_wconf 88' lang='lat' dir='ltr'>ap</span> <span class='ocrx_word' id='word_1_452' title='bbox 1078 3938 1134 4003; x_wconf 89' lang='lat' dir='ltr'>lioc</span> <span class='ocrx_word' id='word_1_453' title='bbox 1165 3938 1315 4002; x_wconf 87' lang='lat' dir='ltr'>humiliter</span> <span class='ocrx_word' id='word_1_454' title='bbox 1336 3941 1501 4023; x_wconf 72' lang='lat' dir='ltr'>porreslis,</span> <span class='ocrx_word' id='word_1_455' title='bbox 1530 3942 1635 4023; x_wconf 81' lang='lat' dir='ltr'>quibus</span> <span class='ocrx_word' id='word_1_456' title='bbox 1665 3944 1747 4028; x_wconf 85' lang='lat' dir='ltr'>piae,</span> <span class='ocrx_word' id='word_1_457' title='bbox 1778 3959 1871 4022; x_wconf 80' lang='lat' dir='ltr'>atque</span> 
     </span>
     <span class='ocr_line' id='line_1_44' title="bbox 252 4019 1873 4108; baseline 0.004 -27"><span class='ocrx_word' id='word_1_458' title='bbox 252 4020 355 4104; x_wconf 88' lang='lat' dir='ltr'>plicari</span> <span class='ocrx_word' id='word_1_459' title='bbox 384 4020 460 4104; x_wconf 86' lang='lat' dir='ltr'>posse</span> <span class='ocrx_word' id='word_1_460' title='bbox 488 4019 668 4102; x_wconf 89' lang='lat' dir='ltr'>summopere</span> <span class='ocrx_word' id='word_1_461' title='bbox 697 4020 858 4093; x_wconf 81' lang='lat' dir='ltr'>desideret3</span> <span class='ocrx_word' id='word_1_462' title='bbox 888 4021 955 4084; x_wconf 85' lang='lat' dir='ltr'>Nos</span> <span class='ocrx_word' id='word_1_463' title='bbox 975 4021 1032 4103; x_wconf 86' lang='lat' dir='ltr'>piis</span> <span class='ocrx_word' id='word_1_464' title='bbox 1072 4019 1165 4084; x_wconf 82' lang='lat' dir='ltr'>enixa</span> <span class='ocrx_word' id='word_1_465' title='bbox 1193 4019 1319 4104; x_wconf 88' lang='lat' dir='ltr'>plurium</span> <span class='ocrx_word' id='word_1_466' title='bbox 1338 4021 1580 4085; x_wconf 83' lang='lat' dir='ltr'>orthodoxorum</span> <span class='ocrx_word' id='word_1_467' title='bbox 1604 4024 1770 4108; x_wconf 84' lang='lat' dir='ltr'>Principum</span> <span class='ocrx_word' id='word_1_468' title='bbox 1798 4041 1873 4104; x_wconf 84' lang='lat' dir='ltr'>pre·</span> 
     </span>
     <span class='ocr_line' id='line_1_45' title="bbox 253 4097 1874 4183; baseline 0.001 -17"><span class='ocrx_word' id='word_1_469' title='bbox 253 4099 377 4176; x_wconf 84' lang='lat' dir='ltr'>ejusdem</span> <span class='ocrx_word' id='word_1_470' title='bbox 412 4101 608 4165; x_wconf 88' lang='lat' dir='ltr'>Procuratoris</span> <span class='ocrx_word' id='word_1_471' title='bbox 638 4101 790 4165; x_wconf 84' lang='lat' dir='ltr'>Generalis</span> <span class='ocrx_word' id='word_1_472' title='bbox 828 4100 882 4164; x_wconf 86' lang='lat' dir='ltr'>bac</span> <span class='ocrx_word' id='word_1_473' title='bbox 911 4100 941 4162; x_wconf 90' lang='lat' dir='ltr'>in</span> <span class='ocrx_word' id='word_1_474' title='bbox 972 4122 1030 4175; x_wconf 85' lang='lat' dir='ltr'>re,</span> <span class='ocrx_word' id='word_1_475' title='bbox 1073 4121 1137 4177; x_wconf 89' lang='lat' dir='ltr'>ces,</span> <span class='ocrx_word' id='word_1_476' title='bbox 1161 4099 1190 4161; x_wconf 90' lang='lat' dir='ltr'>in</span> <span class='ocrx_word' id='word_1_477' title='bbox 1214 4097 1338 4183; x_wconf 87' lang='lat' dir='ltr'>idipsum</span> <span class='ocrx_word' id='word_1_478' title='bbox 1361 4104 1510 4166; x_wconf 78' lang='lat' dir='ltr'>tendentes</span> <span class='ocrx_word' id='word_1_479' title='bbox 1531 4102 1688 4182; x_wconf 84' lang='lat' dir='ltr'>accessere,</span> <span class='ocrx_word' id='word_1_480' title='bbox 1718 4102 1874 4168; x_wconf 78' lang='lat' dir='ltr'>favorabi-</span> 
     </span>
     <span class='ocr_line' id='line_1_46' title="bbox 251 4179 1877 4279; baseline 0.002 -36"><span class='ocrx_word' id='word_1_481' title='bbox 251 4198 393 4264; x_wconf 89' lang='lat' dir='ltr'>quantum</span> <span class='ocrx_word' id='word_1_482' title='bbox 425 4201 491 4244; x_wconf 91' lang='lat' dir='ltr'>cuin</span> <span class='ocrx_word' id='word_1_483' title='bbox 513 4181 642 4247; x_wconf 89' lang='lat' dir='ltr'>Domino</span> <span class='ocrx_word' id='word_1_484' title='bbox 713 4181 839 4256; x_wconf 82' lang='lat' dir='ltr'>isumus,</span> <span class='ocrx_word' id='word_1_485' title='bbox 870 4179 1036 4246; x_wconf 80' lang='lat' dir='ltr'>fauorabili·</span> <span class='ocrx_word' id='word_1_486' title='bbox 1077 4180 1135 4245; x_wconf 91' lang='lat' dir='ltr'>lem</span> <span class='ocrx_word' id='word_1_487' title='bbox 1156 4179 1289 4245; x_wconf 81' lang='lat' dir='ltr'>assensum</span> <span class='ocrx_word' id='word_1_488' title='bbox 1322 4183 1444 4266; x_wconf 80' lang='lat' dir='ltr'>prabere</span> <span class='ocrx_word' id='word_1_489' title='bbox 1465 4184 1640 4279; x_wconf 85' lang='lat' dir='ltr'>cupientes,</span> <span class='ocrx_word' id='word_1_490' title='bbox 1671 4206 1706 4249; x_wconf 86' lang='lat' dir='ltr'>ac</span> <span class='ocrx_word' id='word_1_491' title='bbox 1729 4186 1765 4249; x_wconf 87' lang='lat' dir='ltr'>de</span> <span class='ocrx_word' id='word_1_492' title='bbox 1784 4186 1877 4247; x_wconf 80' lang='lat' dir='ltr'>Om-</span> 
     </span>
     <span class='ocr_line' id='line_1_47' title="bbox 252 4260 1877 4360; baseline 0.002 -33"><span class='ocrx_word' id='word_1_493' title='bbox 252 4279 297 4327; x_wconf 89' lang='lat' dir='ltr'>ter</span> <span class='ocrx_word' id='word_1_494' title='bbox 317 4281 441 4325; x_wconf 88' lang='lat' dir='ltr'>annuere</span> <span class='ocrx_word' id='word_1_495' title='bbox 462 4262 611 4340; x_wconf 84' lang='lat' dir='ltr'>volenter,</span> <span class='ocrx_word' id='word_1_496' title='bbox 634 4284 669 4326; x_wconf 89' lang='lat' dir='ltr'>au</span> <span class='ocrx_word' id='word_1_497' title='bbox 698 4263 805 4326; x_wconf 85' lang='lat' dir='ltr'>oritate</span> <span class='ocrx_word' id='word_1_498' title='bbox 826 4261 923 4325; x_wconf 80' lang='lat' dir='ltr'>Nobis</span> <span class='ocrx_word' id='word_1_499' title='bbox 943 4262 1034 4325; x_wconf 82' lang='lat' dir='ltr'>aDo</span> <span class='ocrx_word' id='word_1_500' title='bbox 1076 4261 1238 4360; x_wconf 86' lang='lat' dir='ltr'>nipotentis</span> <span class='ocrx_word' id='word_1_501' title='bbox 1259 4260 1313 4324; x_wconf 88' lang='lat' dir='ltr'>Dei</span> <span class='ocrx_word' id='word_1_502' title='bbox 1336 4261 1550 4342; x_wconf 87' lang='lat' dir='ltr'>misericordia,</span> <span class='ocrx_word' id='word_1_503' title='bbox 1579 4266 1610 4328; x_wconf 81' lang='grc' dir='ltr'>δι</span> <span class='ocrx_word' id='word_1_504' title='bbox 1632 4266 1791 4331; x_wconf 85' lang='lat' dir='ltr'>Beatorum</span> <span class='ocrx_word' id='word_1_505' title='bbox 1816 4268 1877 4330; x_wconf 64' lang='lat' dir='ltr'>Pe</span> 
     </span>
     <span class='ocr_line' id='line_1_48' title="bbox 253 4341 1880 4426; baseline 0.003 -20"><span class='ocrx_word' id='word_1_506' title='bbox 253 4343 337 4407; x_wconf 87' lang='lat' dir='ltr'>mino</span> <span class='ocrx_word' id='word_1_507' title='bbox 357 4342 486 4418; x_wconf 88' lang='lat' dir='ltr'>tradita,</span> <span class='ocrx_word' id='word_1_508' title='bbox 517 4363 550 4405; x_wconf 88' lang='lat' dir='ltr'>ac</span> <span class='ocrx_word' id='word_1_509' title='bbox 571 4343 606 4408; x_wconf 88' lang='lat' dir='ltr'>de</span> <span class='ocrx_word' id='word_1_510' title='bbox 626 4342 851 4425; x_wconf 82' lang='lat' dir='ltr'>Omnipotentit</span> <span class='ocrx_word' id='word_1_511' title='bbox 874 4342 930 4405; x_wconf 90' lang='lat' dir='ltr'>Dei</span> <span class='ocrx_word' id='word_1_512' title='bbox 952 4341 1035 4407; x_wconf 88' lang='lat' dir='ltr'>mise·</span> <span class='ocrx_word' id='word_1_513' title='bbox 1077 4358 1115 4406; x_wconf 90' lang='lat' dir='ltr'>tri</span> <span class='ocrx_word' id='word_1_514' title='bbox 1155 4344 1187 4406; x_wconf 78' lang='lat' dir='ltr'>tr</span> <span class='ocrx_word' id='word_1_515' title='bbox 1228 4341 1309 4406; x_wconf 85' lang='lat' dir='ltr'>Pauli</span> <span class='ocrx_word' id='word_1_516' title='bbox 1353 4344 1561 4426; x_wconf 83' lang='lat' dir='ltr'>Apostolorum</span> <span class='ocrx_word' id='word_1_517' title='bbox 1600 4350 1662 4422; x_wconf 79' lang='lat' dir='ltr'>eius</span> <span class='ocrx_word' id='word_1_518' title='bbox 1691 4347 1880 4412; x_wconf 69' lang='lat' dir='ltr'>austorirate</span> 
     </span>
     <span class='ocr_line' id='line_1_49' title="bbox 254 4421 1881 4507; baseline 0 -20"><span class='ocrx_word' id='word_1_519' title='bbox 254 4423 407 4500; x_wconf 88' lang='lat' dir='ltr'>ricordia,</span> <span class='ocrx_word' id='word_1_520' title='bbox 437 4444 471 4487; x_wconf 92' lang='lat' dir='ltr'>ac</span> <span class='ocrx_word' id='word_1_521' title='bbox 501 4421 654 4488; x_wconf 88' lang='lat' dir='ltr'>Beatotum</span> <span class='ocrx_word' id='word_1_522' title='bbox 688 4423 764 4488; x_wconf 88' lang='lat' dir='ltr'>Petri</span> <span class='ocrx_word' id='word_1_523' title='bbox 795 4422 929 4487; x_wconf 83' lang='lat' dir='ltr'>&amp;Pauli</span> <span class='ocrx_word' id='word_1_524' title='bbox 952 4425 1035 4507; x_wconf 83' lang='lat' dir='ltr'>Apo·</span> <span class='ocrx_word' id='word_1_525' title='bbox 1077 4421 1193 4499; x_wconf 86' lang='lat' dir='ltr'>confisi,</span> <span class='ocrx_word' id='word_1_526' title='bbox 1228 4422 1363 4488; x_wconf 89' lang='lat' dir='ltr'>omnibus</span> <span class='ocrx_word' id='word_1_527' title='bbox 1383 4424 1530 4502; x_wconf 78' lang='lat' dir='ltr'>utriusque</span> <span class='ocrx_word' id='word_1_528' title='bbox 1561 4424 1642 4491; x_wconf 79' lang='lat' dir='ltr'>sexus</span> <span class='ocrx_word' id='word_1_529' title='bbox 1661 4427 1881 4492; x_wconf 75' lang='lat' dir='ltr'>Christifidett.</span> 
     </span>
     <span class='ocr_line' id='line_1_50' title="bbox 252 4502 1879 4593; baseline 0.002 -25"><span class='ocrx_word' id='word_1_530' title='bbox 252 4502 390 4570; x_wconf 80' lang='lat' dir='ltr'>stolorum</span> <span class='ocrx_word' id='word_1_531' title='bbox 423 4507 483 4582; x_wconf 84' lang='lat' dir='ltr'>ejus</span> <span class='ocrx_word' id='word_1_532' title='bbox 504 4503 675 4569; x_wconf 71' lang='lat' dir='ltr'>auiloritate</span> <span class='ocrx_word' id='word_1_533' title='bbox 695 4503 793 4570; x_wconf 84' lang='lat' dir='ltr'>confisi</span> <span class='ocrx_word' id='word_1_534' title='bbox 816 4502 1032 4586; x_wconf 84' lang='lat' dir='ltr'>Indulgentiam</span> <span class='ocrx_word' id='word_1_535' title='bbox 1073 4504 1126 4567; x_wconf 83' lang='lat' dir='ltr'>bus</span> <span class='ocrx_word' id='word_1_536' title='bbox 1146 4502 1347 4570; x_wconf 81' lang='lat' dir='ltr'>adEccleliam</span> <span class='ocrx_word' id='word_1_537' title='bbox 1377 4502 1595 4590; x_wconf 73' lang='lat' dir='ltr'>supradisiani,</span> <span class='ocrx_word' id='word_1_538' title='bbox 1631 4508 1703 4571; x_wconf 83' lang='lat' dir='ltr'>sicut</span> <span class='ocrx_word' id='word_1_539' title='bbox 1736 4509 1879 4593; x_wconf 77' lang='lat' dir='ltr'>praemit·</span> 
     </span>
     <span class='ocr_line' id='line_1_51' title="bbox 252 4582 1881 4674; baseline 0.003 -30"><span class='ocrx_word' id='word_1_540' title='bbox 252 4584 434 4669; x_wconf 85' lang='lat' dir='ltr'>plenariam,</span> <span class='ocrx_word' id='word_1_541' title='bbox 467 4586 498 4649; x_wconf 79' lang='grc' dir='ltr'>δι</span> <span class='ocrx_word' id='word_1_542' title='bbox 519 4603 702 4668; x_wconf 82' lang='lat' dir='ltr'>peccatorum</span> <span class='ocrx_word' id='word_1_543' title='bbox 733 4582 924 4650; x_wconf 82' lang='lat' dir='ltr'>remissionem</span> <span class='ocrx_word' id='word_1_544' title='bbox 946 4584 1032 4648; x_wconf 87' lang='lat' dir='ltr'>Cliri-</span> <span class='ocrx_word' id='word_1_545' title='bbox 1075 4585 1165 4662; x_wconf 90' lang='lat' dir='ltr'>iirur,</span> <span class='ocrx_word' id='word_1_546' title='bbox 1186 4585 1418 4662; x_wconf 80' lang='lat' dir='ltr'>confluentibus,</span> <span class='ocrx_word' id='word_1_547' title='bbox 1463 4586 1492 4649; x_wconf 90' lang='lat' dir='ltr'>ui</span> <span class='ocrx_word' id='word_1_548' title='bbox 1514 4587 1595 4650; x_wconf 90' lang='lat' dir='ltr'>illam</span> <span class='ocrx_word' id='word_1_549' title='bbox 1619 4610 1693 4654; x_wconf 88' lang='lat' dir='ltr'>vere</span> <span class='ocrx_word' id='word_1_550' title='bbox 1717 4591 1881 4674; x_wconf 68' lang='lat' dir='ltr'>perviren-</span> 
     </span>
     <span class='ocr_line' id='line_1_52' title="bbox 254 4607 1885 4811; baseline 0.001 -81"><span class='ocrx_word' id='word_1_551' title='bbox 254 4662 417 4732; x_wconf 85' lang='lat' dir='ltr'>ssifidelibus</span> <span class='ocrx_word' id='word_1_552' title='bbox 437 4664 580 4751; x_wconf 71' lang='lat' dir='ltr'>prefatis,</span> <span class='ocrx_word' id='word_1_553' title='bbox 613 4663 784 4749; x_wconf 76' lang='lat' dir='ltr'>supradicta</span> <span class='ocrx_word' id='word_1_554' title='bbox 805 4665 945 4732; x_wconf 74' lang='lat' dir='ltr'>Eccleua</span> <span class='ocrx_word' id='word_1_555' title='bbox 966 4666 1034 4738; x_wconf 79' lang='lat' dir='ltr'>Prii·¹</span> <span class='ocrx_word' id='word_1_556' title='bbox 1077 4681 1139 4745; x_wconf 87' lang='lat' dir='ltr'>tes,</span> <span class='ocrx_word' id='word_1_557' title='bbox 1168 4663 1355 4748; x_wconf 80' lang='lat' dir='ltr'>&amp;conieffi,</span> <span class='ocrx_word' id='word_1_558' title='bbox 1386 4688 1421 4731; x_wconf 86' lang='lat' dir='ltr'>ac</span> <span class='ocrx_word' id='word_1_559' title='bbox 1440 4607 1527 4732; x_wconf 62' lang='lat' dir='ltr'>lacta</span> <span class='ocrx_word' id='word_1_560' title='bbox 1548 4666 1885 4811; x_wconf 59' lang='lat' dir='ltr'>Communiomfflrese-</span> 
     </span>
     <span class='ocr_line' id='line_1_53' title="bbox 1818 4797 1835 4828; baseline 0 0"><span class='ocrx_word' id='word_1_561' title='bbox 1818 4797 1835 4828; x_wconf 65' lang='grc' dir='ltr'>ὓ</span> 
     </span>
    </p>
   </div>
   <div class='ocr_carea' id='block_1_9' title="bbox 0 0 1984 5259">
    <p class='ocr_par' dir='ltr' id='par_1_10' title="bbox 0 0 1984 5259">
     <span class='ocr_line' id='line_1_54' title="bbox 0 0 1984 5259; baseline 0 1"><span class='ocrx_word' id='word_1_562' title='bbox 0 0 1984 5259; x_wconf 95' lang='lat' dir='ltr'> </span> 
     </span>
    </p>
   </div>
  </div>
 </body>
</html>
