3959 5259
408 97 1293 210 HEBRAEUSJ'
1496 133 1580 242 219

107 248 144 315 so
165 242 301 312 alterius
320 237 407 315 tlte,
438 234 583 318 salitisque
611 232 744 299 carnibus
764 231 812 305 Ju·
854 276 877 312 ‚‚
896 251 969 328 pu„
992 231 1021 293 1„
1034 235 1098 314 qu,
1117 234 1136 295 s,
1157 253 1273 316 peccare
1293 255 1351 302 non
1365 237 1495 320 d‘fistat’
1517 245 1641 331 dentqm
1722 215 1726 222 .

107 353 128 392 s,
155 326 276 390 natio!
729 349 733 356 ·
853 357 875 390 „
898 333 927 374 tn
949 312 1111 394 gebennam
1130 315 1309 379 detruditur.
1331 319 1471 400 ordiar„
1493 324 1617 392 aresta.

107 409 160 470 ilis
183 405 230 469 esi
254 401 354 466 fabula
371 400 447 485 apud
468 398 568 463 Ellam
588 393 757 461 Thesbitem
780 394 810 457 in
892 438 913 471 „
937 393 1051 456 Anima
1070 394 1174 459 Abelis
1202 396 1342 477 migravit
1370 401 1401 463 in
1421 402 1510 483 Seth,
1542 408 1641 474 anima
1660 407 1699 478 62

115 531 132 561 ,
169 485 231 548 ubl
257 482 432 547 stellabat:
466 481 614 543 Invenitur
643 480 673 539 r'n
692 475 811 562 Agadab
852 519 873 553 „
897 475 946 538 Set
968 475 997 535 in
1021 473 1080 539 Mo
1103 473 1161 539 sen.
1183 474 1257 538 ibid.
1638 553 1640 558 X

107 565 158 644 ffe
182 587 349 646 magnam,
370 585 430 644 que
451 578 564 624 vocatae
584 562 742 635 Bariucna,
765 580 808 619 ca·
889 599 911 631 „
934 554 1056 617 Anima
1078 499 1233 620 bominum
1254 555 1437 622 indusiomm
1468 562 1497 625 in
1518 564 1636 635 resurre-
1660 578 1697 655 ⁶3

107 650 274 788 mssmlss
292 640 556 786 qtagngudqpiresge.
573 639 720 781 ridicunqoa'dn
731 642 816 783 ligas
849 678 870 713 „
890 634 1009 779 ῗίἵὲιῐ
1025 655 1100 793 Ἥ
1107 636 1248 720 recipient
1266 657 1388 721 corpora
1409 637 1458 704 sua
1478 685 1487 703 .
1518 647 1587 710 om.
1608 672 1638 733 3.

107 755 123 788 'a
288 741 439 786 seila
492 741 578 784 ΜΝ
971 743 1151 780 ms..

107 829 116 868 t
146 750 315 870 ἰηπῖυτιιοτο
336 801 437 865 sarculo
458 822 493 864 et
512 821 548 865 eo
568 739 658 871 iuliisq
667 815 816 879 paraturus
854 760 875 794 n
895 841 915 873 „
937 793 1063 859 Rabbini
1093 741 1150 861 dtio
1180 797 1288 881 singula
1320 819 1433 882 quaque
1463 800 1642 872 hebdomada
1661 815 1701 891 64

109 886 249 951 vivium
272 904 331 947 una
350 903 416 947 cum
437 878 625 953 Leviathan,
657 880 688 941 dt
710 878 809 942 Bova.
849 922 872 954 „
892 876 983 959 pridie
1005 875 1120 940 Sabbati
1152 875 1224 941 duos
1244 879 1354 943 virulos
1374 879 1536 959 creabant,
1567 907 1642 967 quoe

107 966 221 1029 indum
257 963 418 1028 fabularum
439 961 625 1033 Iudaicarum
656 959 694 1022 esl
715 957 809 1022 sinis.
849 1001 870 1035 „
892 956 993 1049 deinde
1022 973 1103 1022 totos
1129 957 1350 1024 comedebant.
1379 962 1449 1024 Ord.
1460 982 1490 1039 4.
1511 966 1592 1030 nass.
1607 990 1640 1046 4.

107 1038 807 1213 leirbmsbbeielragbbbilliesuiiascilbbaimbr&supc
850 1083 870 1118 n
888 1036 1115 1201 &uisumque
1134 1097 1366 1215 ter'inSabbato
1386 1125 1566 1202 comederit,
1589 1130 1633 1193 vi·
1657 1134 1700 1212 65

110 1206 304 1288 agellorum
325 1204 550 1286 gallinaceorum
570 1201 702 1264 ruborem
725 1217 810 1263 emrt·
852 1241 870 1274 „
892 1215 955 1260 tam
976 1216 1112 1263 aternam
1133 1197 1319 1283 consequetur
1337 1223 1370 1264 rn
1390 1203 1483 1270 altero
1505 1205 1626 1272 laculo.

138 1288 261 1371 ipsrque
282 1285 399 1349 interim
422 1305 481 1348 uno
501 1282 572 1363 pede
592 1281 693 1343 llaut.
723 1280 810 1342 Tunc
851 1322 873 1355 ‚,
896 1276 1008 1370 Otd33.
1027 1279 1101 1342 crass
1115 1301 1139 1342 1.
1159 1281 1265 1358 dimo.

107 1369 156 1431 uis
179 1369 290 1432 eodem
313 1383 466 1429 momento
487 1363 573 1426 alicui
595 1359 806 1434 maledixerit,
888 1403 908 1434 „
930 1357 1018 1420 Nihil
1051 1360 1164 1425 comedi
1193 1361 1278 1425 debet
1306 1384 1426 1430 numero
1459 1369 1553 1448 pari,
1593 1367 1638 1433 sed
1659 1375 1697 1439 66

107 1448 199 1511 latim
221 1445 358 1510 concidet
379 1441 624 1509 mortuustord.
639 1462 666 1504 r.
686 1460 723 1502 tr.
740 1460 766 1502 t.
846 1480 867 1513 ,‚
891 1439 1020 1521 impari3
1041 1440 1097 1504 hoc
1117 1441 1196 1504 enim
1218 1463 1338 1507 numero
1361 1447 1492 1512 maxime
1513 1448 1634 1513 deledia·

107 1531 173 1592 >um
189 1528 268 1591 olim
285 1525 411 1590 Rabbir‘ti
432 1524 550 1607 quidam
571 1519 703 1587 adversus
713 1517 808 1583 Rabbi
848 1560 870 1594 ,‚
892 1535 939 1581 tur
960 1518 1057 1582 Deus.
1079 1522 1180 1584 Ordin.
1192 1544 1222 1598 4.
1240 1523 1324 1585 ηαδ.
1342 1546 1370 1587 2.
1391 1526 1455 1603 dell.
1468 1551 1497 1604 7.

107 1631 173 1674 ezer
203 1607 435 1691 disputationem
458 1603 606 1680 iniissent,
639 1602 716 1667 Deus
736 1621 808 1666 voce
886 1597 1048 1677 „Siquis
1080 1601 1209 1666 oraverit
1229 1600 1300 1666 facie
1329 1607 1365 1667 ad
1385 1607 1535 1672 meridiem
1567 1631 1635 1676 con·
1657 1617 1697 1695 67

108 1693 171 1754 itus
192 1688 333 1763 demissa,
355 1686 524 1753 senteutiam
546 1700 649 1747 contra
668 1684 734 1745 illos
755 1700 808 1761 pro
845 1720 867 1754 „
888 1674 990 1752 versa,
1022 1675 1194 1762 sapientiam
1214 1682 1430 1765 consequetur3
1461 1688 1496 1750 ad
1517 1692 1636 1769 septen.

107 1771 151 1835 tbi
160 1770 299 1833 Elieaere
311 1767 452 1851 protulit,
468 1764 663 1845 quamobrem
678 1760 806 1840 indigna-
846 1799 867 1833 „
889 1756 1099 1852 trlopetnvero
1113 1761 1251 1828 divitias.
1275 1769 1348 1828 Ord.
1359 1787 1389 1843 4.
1398 1766 1481 1830 nats.
1494 1790 1521 1849 3.
1531 1770 1593 1848 dul.
1607 1792 1636 1832 2.

107 1849 235 1912 Rabbini
255 1848 348 1909 Deum
369 1843 561 1907 anathematis
581 1863 669 1921 poena
687 1842 805 1903 damna·
884 1879 906 1912 ,‚
929 1838 959 1899 St
993 1859 1037 1902 ms
1058 1838 1107 1904 sub
1126 1859 1226 1907 ventre
1236 1843 1369 1921 Cameli,
1392 1865 1443 1911 aut
1464 1848 1538 1914 inter
1560 1854 1634 1917 duos
1655 1857 1695 1919 68

108 1948 150 1991 t.
192 1925 283 1986 Tunc
314 1922 392 1988 Deus
421 1921 479 2005 ipse
509 1920 671 1999 subridens,
704 1919 804 1995 Filii,
845 1959 865 1993 ‚‚
888 1857 1052 1993 camelos,
1083 1939 1135 1985 aut
1156 1919 1232 1984 inter
1252 1924 1322 1987 duas
1349 1927 1485 1991 mulieres
1505 1947 1634 2011 pertran-

107 2007 174 2083 uit,
208 2005 271 2068 mei
292 2026 340 2068 me
361 2003 516 2071 vicerunt.
545 2001 615 2063 oid.
630 2024 660 2078 4.
682 1998 764 2063 trasl.
778 2020 805 2063 2.
846 2038 868 2072 ‚,
890 1996 990 2073 sterit,
1022 1999 1096 2061 nihil
1127 2017 1255 2082 unquam
1285 2026 1319 2068 er
1340 2006 1489 2076 Thalmud
1520 2011 1633 2093 poterit
1681 2073 1685 2088 1
1718 2001 1720 2005 '

107 2109 176 2231 §lh
192 2166 274 2232 nens
294 2166 341 2231 ate
360 2167 483 2250 quaram
506 2164 535 2227 tn
549 2160 730 2229 coertcum
747 2160 804 2258 as.
846 2121 869 2155 '³
885 2076 1541 2259 ‚filiilt‘m‘ll‘lzhisitiitifstss‘qm
1560 2187 1635 2234 nm.
1657 2162 1696 2256 ὅ,

107 2267 157 2313 rtet
179 2248 215 2312 de
239 2248 330 2331 specie
349 2247 474 2331 quadam
495 2246 598 2342 lepra,
635 2264 724 2325 quam
742 2243 805 2325 ipse
844 2281 866 2316 ‚,
888 2259 957 2323 pote
976 2239 1087 2303 Melita
1104 2241 1199 2312 sudata
1215 2242 1339 2337 proferet
1356 2244 1462 2315 Judaers
1481 2265 1569 2328 panes
1586 2271 1635 2315 co·

107 2330 200 2392 rodam
233 2331 328 2404 ajebat
348 2328 420 2403 esse,
445 2343 550 2392 ceteris
580 2324 806 2389 dissentientibus
846 2362 868 2396 „
890 2319 979 2394 slus,
1012 2322 1043 2384 ἃ
1062 2322 1150 2385 velles
1174 2321 1279 2387 sericas
1296 2324 1399 2406 cuique
1409 2324 1507 2396 Judaeo
1521 2350 1637 2393 accam·
1713 2343 1738 2354 ·’

106 2411 222 2484 bbinis,
252 2410 305 2491 qul
327 2408 508 2472 immundam
531 2404 583 2471 esse
604 2404 804 2481 affirmabant,
846 2440 868 2476 „
890 2400 1042 2464 moderas..

109 2508 211 2554 tamen
231 2489 380 2552 communi
400 2488 535 2552 omniurn
547 2484 652 2548 assensu
671 2485 809 2549 devoluta
888 2479 977 2555 Quod
996 2478 1074 2545 Deus
1092 2480 1212 2547 Adumo
1231 2483 1373 2550 creauerit
1392 2486 1462 2551 eluas
1481 2488 1636 2569 mulieres,
1657 2516 1698 2576 70

124 2572 160 2633 ad
181 2567 427 2651 Sapientimmum
448 2564 593 2646 quendam
618 2564 805 2638 Rabbinurn,
846 2579 881 2623 ex
910 2559 1015 2655 quibus
1044 2576 1147 2626 texunt
1174 2563 1348 2628 fabulatores
1376 2567 1476 2648 geneal
1518 2569 1562 2634 ias
1594 2572 1638 2633 sn.

107 2653 200 2713 lcum
222 2647 393 2714 sententiam
413 2645 536 2728 proferre
558 2662 687 2728 pararet,
709 2643 806 2708 statim
847 2654 1047 2717 tetmrnatas,
1084 2657 1118 2705 ut
1147 2663 1182 2707 et
1204 2644 1367 2725 Augustino
1397 2646 1481 2713 refert
1525 2651 1578 2713 eda
1606 2656 1638 2714 in

107 2752 124 2794 s
143 2730 241 2792 anima
270 2727 370 2793 resisto
390 2746 539 2809 corpote,
574 2723 726 2789 vociferari
748 2746 806 2789 coe·
846 2719 936 2798 Epist.
955 2742 981 2783 1.
1002 2720 1042 2782 ad
1061 2722 1187 2787 mmuh.
1694 2793 1698 2802 ¹

107 2837 128 2885 ¹,
144 2811 297 2883 hundam,
312 2808 463 2884 mundam,
487 2806 557 2868 Otd.
568 2827 599 2881 4.
610 2824 645 2867 rr.
659 2826 687 2866 a.
701 2803 805 2883 dasdy.
889 2801 976 2894 Quod
1000 2801 1076 2865 Deus
1096 2820 1253 2885 antequam
1276 2803 1368 2900 legem
1391 2803 1471 2872 suam
1492 2808 1575 2875 daret
1598 2808 1638 2874 ls-
1661 2836 1699 2897 7¹

107 2893 204 2953 Tanta
223 2889 276 2953 fuit
295 2888 370 2952 olim
393 2887 422 2948 in
440 2885 573 2947 Rabbioo
593 2885 720 2963 quodam
743 2904 808 2964 pru·
851 2880 976 2971 roelrtts,
1008 2882 1137 2944 eamdem
1158 2881 1333 2966 presentant
1356 2887 1517 2963 ldumaeis,
1549 2893 1580 2953 ἃ
1601 2890 1641 2954 ls-

107 2971 183 3042 nt'ra‚
213 2985 244 3031 ut
265 2965 425 3030 Diabolum
447 2963 551 3036 simul,
586 2964 617 3023 dt
637 2962 733 3022 Deum
755 2962 812 3023 hoc
851 2957 996 3050 maelrtis,
1026 2980 1151 3039 quorum
1174 2963 1219 3023 illi
1241 2962 1412 3029 habitabant
1433 2968 1463 3028 in
1485 2967 1573 3045 Seit,
1608 2971 1643 3032 hi

107 3046 278 3109 aeluserit.
300 3041 543 3106 Cumllabbinus
563 3040 592 3101 in
614 3057 744 3105 extremo
767 3040 810 3103 vi·
852 3056 923 3098 uero
943 3056 974 3097 tn
996 3035 1115 3103 Deserto
1137 3040 1268 3104 Pharan.
1299 3044 1441 3109 Idumaeos
1471 3063 1568 3112 autem
1600 3069 1642 3112 re·

107 3153 110 3183 ι
138 3123 256 3186 articulo
285 3123 457 3196 laboraret,
492 3119 650 3183 Diabolum
668 3119 812 3201 ,precibus
851 3114 942 3189 jecisse
963 3116 1091 3198 Iegem,
1120 3141 1188 3182 cum
1211 3122 1382 3187 audivissent
1410 3126 1549 3207 quintum
1571 3148 1643 3222 prae.

107 3222 185 3279 orat,
216 3221 246 3265 ut
268 3201 321 3265 sese
341 3204 401 3275 jam
432 3199 635 3262 moribundum
653 3202 692 3264 ad
712 3216 811 3280 portas
851 3212 1001 3276 ceptum,
1032 3204 1095 3261 Non
1114 3205 1253 3273 occides,·
1284 3203 1518 3269 Recordabantur
1538 3229 1642 3285 eorm,
1742 3219 1744 3222 ’

107 3287 156 3364 que
185 3281 298 3346 ccelesiis
319 3281 412 3424 Reqni
442 3280 587 3354 deducat,
620 3295 652 3340 ut
684 3277 809 3361 inspeslo
848 3292 870 3413 q

871 3273 927 3337 nod
948 3275 1026 3357 patri
1047 3299 1146 3341 eorum
1181 3278 1289 3344 didlum
1312 3282 1397 3346 emt:
1426 3287 1513 3347 Vives
1533 3292 1563 3351 r'n
1579 3289 1643 3372 gla-

389 3358 580 3434 abirationis,
600 3358 682 3422 lactus
699 3380 735 3421 ert
753 3358 808 3420 hac
868 3356 921 3415 io·
956 3355 1115 3421 ismaelitas
1144 3379 1215 3423 vero
1234 3361 1366 3434 eamdem
1394 3364 1543 3442 rejecisse,
1575 3387 1642 3432 cum

108 3368 139 3427 de
158 3363 219 3426 loco
233 3359 349 3428 Divinae

110 3463 139 3506 ta
157 3443 291 3507 decedat.
314 3444 401 3504 Hanc
422 3440 546 3520 gratiam
578 3458 644 3501 curn
667 3437 808 3500 Diabolus
849 3433 984 3498 audissent
1006 3434 1115 3501 sertum
1139 3459 1333 3524 preceptum,
1357 3450 1421 3507 Non
1441 3447 1639 3513 mechaberis.

107 3526 163 3588 neri
189 3523 277 3587 amico
296 3522 481 3605 praestitisset,
508 3518 655 3582 Rabbinus
678 3519 760 3582 illico
780 3515 807 3581 se
848 3515 897 3578 Ita
915 3512 1106 3593 fabulantur,
1140 3520 1210 3582 dum
1232 3540 1381 3605 exponunt
1413 3525 1465 3588 illa
1485 3531 1570 3592 Dent.
1592 3551 1642 3610 33.

110 3623 153 3667 tra
181 3621 271 3688 portas
298 3602 376 3668 Coeli
406 3601 579 3674 coniiciens,
617 3599 725 3670 juravit
756 3617 807 3679 pet
850 3616 879 3658 a.
901 3597 1038 3657 Dominus
1067 3595 1102 3658 de
1120 3604 1206 3662 sanai
1226 3608 1333 3678 venit,
1368 3603 1406 3666 (a
1427 3606 1462 3666 de
1480 3611 1542 3672 seir
1571 3626 1644 3671 otras

107 3707 172 3749 eum
198 3686 340 3752 viventem
370 3681 396 3746 se
423 3700 571 3763 nunquam
600 3679 665 3741 inde
693 3678 805 3743 recellu-
847 3675 883 3754 esi
902 3674 979 3738 nobis
990 3700 1004 3748 ‚-
1034 3683 1163 3759 apparuit
1183 3681 1327 3746 demente
1348 3682 1482 3764 Pharan,
1516 3689 1555 3753 <a
1573 3711 1643 3751 cum

107 3789 161 3829 rm.
188 3768 249 3840 Qua
265 3768 299 3828 de
317 3761 398 3826 causa
415 3761 530 3826 coasiua
556 3759 597 3824 ell
618 3758 694 3822 Deus
712 3757 807 3820 homi·
849 3779 879 3818 eo
897 3759 1101 3838 quinquaginta
1120 3760 1230 3823 millia.

107 3869 145 3909 tm
172 3847 239 3929 apud
259 3843 285 3907 se
307 3844 449 3917 retinere,
475 3862 511 3905 ne
536 3838 622 3903 illum
650 3839 808 3921 perjurium
890 3837 962 3911 Qua
1005 3836 1126 3918 ‚huma
1145 3857 1178 3903 ut
1191 3859 1355 3926 exponant,
1374 3840 1489 3928 fingunt
1502 3849 1579 3914 fuisse
1609 3850 1638 3912 in
1661 3874 1701 3933 72

107 3944 205 4002 cerer,
235 3925 321 4005 srcque‘
343 3923 396 3987 hac
417 3942 475 3986 una
495 3938 557 3985 arte
576 3916 809 4061 prudentisfimns
848 3916 966 3980 datione
1030 3915 1073 3998 gis
1095 3919 1124 3981 in
1147 3940 1248 3985 monte
1271 3924 1350 3986 Sinai
1372 3927 1485 3993 animas
1505 3930 1641 3994 omnium

107 4011 130 4070 it
149 4006 232 4071 Deum
245 4018 253 4080 ,
266 4006 304 4068 ·&
326 4003 480 4067 Diabolum
503 4001 575 4063 fimo
605 3997 727 4064 sesellit.
850 3994 1081 4078 Prophetarum,
1102 4000 1154 4080 qui
1173 4002 1269 4084 pollea
1290 4006 1364 4068 inter
1382 4006 1399 4077 J
1402 4008 1496 4071 udaeos
1517 4009 1640 4093 prophe-

125 4090 195 4152 Cum
228 4084 353 4168 Angelus
388 4080 509 4145 Gobries
547 4076 690 4161 flagitium
723 4099 809 4160 grave
849 4092 1004 4154 taverunt,
1025 4099 1059 4141 ac
1080 4079 1203 4162 fingulos
1225 4104 1260 4148 eo
1279 4100 1428 4167 tempore,
1451 4088 1481 4151 ἀ
1502 4087 1569 4154 laco
1590 4112 1641 4153 ac·

107 4165 264 4240 ammisisset,
297 4165 372 4229 Deus
390 4160 467 4237 jussit
493 4181 560 4223 eum
580 4160 665 4243 igneo
693 4157 808 4241 flagello
848 4156 950 4239 cepisse
967 4158 1136 4254 >prophetias
1156 4159 1246 4239 suas,
1276 4185 1347 4246 quas
1367 4166 1543 4233 ediderunt,
1575 4172 1645 4234 Ad.

107 4249 229 4332 agellari.
248 4246 316 4310 Ord.
334 4267 361 4309 2.
383 4243 463 4306 trasl.
482 4264 508 4322 5.
531 4240 592 4320 dist.
607 4242 638 4303 8.
851 4239 923 4300 dunt
944 4255 1032 4302 ettam
1054 4238 1131 4304 luisse
1153 4240 1225 4307 inibi
1245 4264 1348 4308 omnes
1367 4247 1533 4326 Rabbinos,
1563 4270 1640 4313 con-

107 4332 231 4398 ‚Anima
254 4326 404 4391 hominum
425 4323 554 4404 migrant
575 4322 610 4386 de
639 4338 759 4403 corpore
779 4321 809 4381 in
852 4318 959 4382 ditores
979 4320 1159 4384 Thalmudi.
1298 4385 1301 4392 ,

107 4430 186 4492 orpus
204 4410 248 4472 hac
268 4410 347 4490 lege,
366 4425 400 4471 ut
419 4408 440 4468 sr
458 4404 558 4467 anima
581 4402 610 4464 in
631 4402 728 4484 ptimo
746 4420 808 4463 cor·
894 4399 966 4493 ilat
986 4399 1144 4470 sufficerent
1153 4405 1189 4466 ad
1203 4404 1393 4471 exhibendam
1406 4406 1529 4472 formam
1543 4403 1640 4471 Theo·
1662 4429 1700 4490 73

107 4506 274 4570 rouperto,
293 4488 428 4551 mittatur
447 4485 476 4545 in
498 4482 670 4554 secundum,
700 4480 730 4542 in
750 4499 810 4563 quo
851 4478 936 4560 logia
957 4479 1092 4545 fabularis
1112 4482 1254 4553 Iudaicae.
1276 4490 1418 4552 Sexcenta
1437 4487 1496 4549 alia
1515 4487 1642 4553 enarrari

107 4575 112 4637 i
136 4570 227 4637 iterum
250 4586 364 4653 peccet,
393 4567 528 4636 mittatur
548 4563 577 4627 io
606 4562 726 4632 tertium
747 4581 808 4627 cot·
852 4559 1024 4643 potuissent,
1045 4561 1090 4628 sed
1114 4567 1217 4631 modus
1237 4564 1388 4634 servandus
1408 4566 1494 4632 suit.
1521 4565 1643 4659 Notum

604 4679 608 4686 ,
1524 4666 1603 4711 emm
