3959 5259
427 114 678 222 ouante,
708 117 793 202 un
823 50 930 202 Εὲτ
960 115 1175 210 nonnul
1205 74 1442 216 nure*
1532 152 1618 255 1„

77 244 225 326 ‚pgpmpm
242 236 383 322 mnsam
403 234 454 313 effe
473 233 508 295 de
529 249 628 297 natura
647 229 794 294 homims:
824 254 856 292 ea
897 231 985 303 ruatis
1006 254 1203 318 propugnator
1222 246 1401 323 acerrimus,
1421 266 1489 314 curu
1511 255 1679 324 recensendo
1756 230 1763 271 ⁴
1806 300 1808 304 r

77 345 158 389 urcem
174 344 223 407 prr
272 336 383 381 ecorum
401 315 529 394 amiffie,
559 338 613 377 non
633 311 756 394 manfiffi
785 315 854 376 inte·
897 310 1074 410 Adamiricu
1103 318 1192 413 culpe
1212 322 1383 389 consesiaria
1403 350 1437 393 ea
1455 330 1584 412 doceat,
1638 361 1679 404 uz

77 432 114 468 ua
136 403 295 471 naturaie,
316 415 348 457 ut
368 394 528 475 Scholafliei
548 393 698 457 delirant.
721 396 756 456 ln
776 416 853 459 eam·
895 413 929 487 ‚²¹
951 413 1050 490 praqrs
1072 396 1135 471 Bau
1155 400 1304 542 principiis
1324 405 1497 489 sequuntur,
1518 414 1553 479 d,
1572 358 1679 500 quiiug

76 490 130 550 lem
157 483 251 544 abiere
271 474 398 541 baeresim
421 478 505 550 bajus
536 473 650 557 ejusque
680 473 853 540 seruatores.
895 471 968 536 msra
988 476 1135 543 dicemus.
1177 484 1281 546 nterim
1303 487 1428 554 indicare
1447 490 1568 560 sufficiat
1587 499 1676 575 Ques.
1697 510 1738 569 53

76 565 140 628 lide
168 563 230 635 Reii
251 558 462 654 propositiones
490 555 569 619 circa
603 555 729 638 gratiam
752 559 850 640 Auge-
891 553 1031 620 nellianas
1060 559 1125 623 illas
1155 561 1272 639 theses,
1302 587 1365 648 qua
1395 573 1528 637 eumdem
1548 598 1677 645 errorem

76 664 158 707 urum
179 644 211 706 δι
231 642 321 727 primr
342 638 491 713 bominis,
517 658 544 699 1.
569 659 598 731 q.
621 659 650 716 7.
674 662 703 715 9.
727 660 775 733 ².·¹·
798 659 848 735 aq.
890 635 1090 779 praeseferunt.
1113 641 1186 705 Sunt
1207 665 1276 739 verp
1299 666 1348 726 34.
1365 670 1412 729 35,
1425 657 1475 731 3⁶·
1489 676 1537 734 37,
1559 659 1589 719 φ,
1608 662 1675 741 quq,

77 748 111 801 4.
126 729 234 804 ²7·⁶5·
257 724 307 816 665
330 721 361 783 in
381 718 485 816 qqibus
506 717 620 795 afferat,
642 718 849 802 Angelr,‚prr.
911 738 943 779 us
971 718 1125 795 declarat,
1159 723 1271 787 Adamr
1293 730 1447 810 gratiam,
1482 753 1544 815 quae
1566 738 1677 819 sequer,

75 804 161 886 ,ique
189 803 319 867 homin„
349 820 449 863 mm„
469 819 529 863 non
550 796 625 862 teile
655 800 754 867 vocari
784 822 848 884 gra·
890 795 945 860 fuit
965 800 1142 877 creationis,
1164 802 1292 869 debitam
1313 808 1406 874 adhuc
1428 811 1546 896 integrat
1567 836 1676 886 nature
1782 848 1786 857 ‘

75 890 161 959 iam3
189 882 384 957 felicitatem,
418 900 507 962 quam
530 876 674 943 consecuti
696 876 762 944 sunt
782 884 847 944 An·
888 876 993 955 suisse,
1023 881 1054 944 δι
1075 882 1203 947 bumana
1223 886 1375 959 dumtaxat
1396 893 1556 976 produxisse
1590 903 1676 964 rneri-

74 965 146 1041 eri,
175 984 323 1046 quamque
363 957 569 1044 perseverando
609 958 747 1025 asstcutus
782 961 848 1026 esset
888 976 950 1032 ta,
979 982 1015 1055 ac
1034 959 1185 1028 discrimen
1216 965 1415 1050 defignando,
1444 974 1523 1056 quod
1553 980 1678 1058 gratiam

74 1047 179 1119 idam,
202 1065 261 1107 non
277 1044 420 1127 gratiam,
443 1039 488 1104 sed
508 1042 657 1105 mercedem
671 1038 770 1115 suisse3
791 1065 848 1105 me·
888 1039 975 1105 slatus
1007 1045 1207 1120 innocentia,
1238 1066 1325 1130 atque
1346 1051 1454 1115 Christi
1475 1057 1599 1136 gratiam
1632 1060 1677 1123 in·

74 1132 115 1189 ira
136 1123 224 1207 primi
245 1121 374 1186 bominis
395 1144 506 1186 munera
526 1119 604 1185 suiiie
617 1121 791 1199 creationis,
813 1145 847 1187 ac
889 1119 1038 1197 tercessrt,
1060 1123 1129 1200 ait,
1154 1125 1235 1189 illam
1259 1150 1405 1215 quemque
1423 1137 1456 1197 in
1472 1144 1584 1220 propria
1611 1158 1677 1222 per.

75 1201 270 1270 xaltationem
290 1204 422 1269 bumana
443 1222 548 1268 nature
569 1203 600 1265 in
614 1200 845 1268 divinaeconsor·
881 1206 952 1344 gna
979 1202 1106 1287 recipere
1127 1206 1275 1284 debuisse,
1308 1209 1383 1273 bane
1413 1222 1536 1280 veroin
1563 1225 1679 1302 persons

72 1291 152 1361 ium,
176 1285 245 1349 idest
264 1285 421 1363 iustitiam,
446 1283 477 1347 δι
492 1280 766 1361 saniiificationem,
789 1285 845 1350 five
913 1280 1020 1361 herili3
1049 1305 1083 1348 ac
1105 1285 1215 1363 illam,
1246 1286 1447 1358 saniiificando
1469 1296 1622 1363 bominem
1645 1304 1677 1367 in

73 1390 89 1429 n
111 1365 166 1429 filii
189 1366 245 1431 Dei
265 1366 481 1452 adoptionem,
514 1363 673 1433 naturalem
694 1363 844 1429 dicendam
886 1362 1058 1447 semetipso,
1080 1364 1158 1431 fuisse
1178 1373 1206 1431 ei
1220 1378 1469 1512 proportionem
1492 1380 1565 1444 hanc
1585 1403 1675 1458 vero,

73 1448 127 1524 sse,
149 1468 209 1511 non
230 1447 260 1511 su
283 1469 315 1510 ra
335 1464 442 1510 naturae
462 1444 721 1526 ordinemT'atque
736 1446 844 1510 indebi·
886 1465 940 1507 nos
972 1446 1002 1506 in
1024 1444 1139 1510 Cbrislo
1175 1446 1261 1511 sancii
1283 1456 1407 1531 cando,
1438 1461 1678 1545 omnipotentem

72 1549 140 1600 am3
160 1468 324 1592 naturaiem
344 1527 466 1603 itidem,
488 1527 544 1592 sive
560 1528 642 1599 iuxta
661 1544 844 1597 naturacon·
886 1523 965 1599 esse,
998 1546 1031 1586 ac
1055 1525 1111 1619 liei
1141 1529 1301 1610 Unigenito
1323 1534 1404 1598 Fiiio
1423 1536 1570 1621 dignam.
1603 1545 1678 1621 Qure

71 1608 199 1672 itionem
219 1606 299 1673 luisse
321 1606 606 1672 immortalitatem.
631 1607 761 1690 Denique
776 1606 844 1669 irri-
886 1603 953 1666 sane
985 1603 1132 1698 perspicue
1163 1610 1305 1694 designare
1343 1615 1509 1698 videntur,
1554 1623 1675 1690 voluill'e

71 1689 288 1771 Ietheologos
308 1692 442 1763 aientes,
478 1689 629 1752 Adamum
650 1688 844 1777 supernatura·
886 1681 1086 1759 Quesnellrurn
1107 1688 1245 1757 adstruere
1267 1694 1493 1790 integritatem,
1516 1725 1550 1766 ac
1574 1702 1675 1767 sancei-

71 1770 158 1846 ibus‚
190 1770 379 1851 &gratuitis
411 1767 495 1833 donis
513 1790 547 1831 ac
569 1768 685 1831 auxiliis
701 1763 842 1847 indiguis·
885 1781 1005 1839 tatem,
1037 1767 1206 1852 sacerasqne
1228 1772 1338 1837 Adamr
1359 1781 1591 1862 prerogativae,
1623 1807 1674 1848 na·

70 1852 103 1924 e,
126 1868 158 1913 ut
179 1850 262 1922 fide,
287 1848 361 1929 spe,
382 1850 413 1910 δι
434 1847 574 1912 charitate
596 1847 689 1910 Deum
712 1847 841 1911 coleret.
883 1861 953 1908 turae
975 1846 1104 1909 nondum
1127 1870 1177 1931 per
1194 1853 1355 1937 culpamde
1378 1876 1513 1938 ravatae,
1534 1862 1673 1947 insepara-

70 1933 129 2001 ἷζε
149 1945 219 1989 vero
240 1946 307 1990 cum
331 1927 373 1990 ita
393 1926 420 1990 se
441 1926 595 2007 babeant,
630 1926 696 2009 quis
717 1948 775 1992 non
797 1926 840 1991 vi·
883 1925 972 1989 bilem
1010 1926 1237 2008 conditionem,
1279 1958 1312 1999 ac
1362 1939 1452 2004 ebitas
1482 1963 1535 2025 pro
1558 1946 1674 2012 rietates

71 2026 118 2081 et,
142 2006 247 2081 Baium
268 2029 336 2073 cum
359 2006 518 2084 Calvino,
540 2029 574 2072 ac
597 2008 727 2073 Lutbero
747 2006 839 2073 senfis-
880 2004 986 2070 fuisse.
1020 2008 1054 2070 ld
1075 2031 1144 2073 vero
1166 2034 1201 2075 ne
1231 2015 1321 2156 gratis
1353 2020 1484 2085 videatur
1504 2046 1523 2086 a
1545 2028 1670 2102 ertirm,

69 2112 96 2165 e,
118 2087 270 2157 bominem
293 2111 312 2152 a
333 2089 397 2155 Deo
417 2087 505 2152 initio
526 2084 686 2155 formatum
708 2111 775 2155 cum
794 2090 840 2154 de·
880 2086 1004 2152 celebres
1035 2090 1190 2157 nonnullos
1209 2096 1238 2156 T
1260 2095 1378 2180 eologos
1411 2100 1578 2169 indicandos
1607 2127 1674 2170 ceu-

69 2170 123 2233 itis
153 2168 241 2253 ipius
271 2188 382 2235 natura
411 2167 659 2253 perseiiionibus,
699 2193 734 2236 ea
763 2170 841 2235 fuisse
882 2166 945 2245 sui,
964 2168 1017 2251 qui
1039 2190 1099 2232 rem
1121 2171 1163 2237 ita
1181 2175 1419 2320 explicaverunt.
1442 2182 1520 2248 Vide
1529 2186 1674 2256 Iacobum

69 2267 180 2326 nente,
216 2273 250 2315 ac
272 2252 404 2315 libertate
437 2251 617 2334 preditum,
651 2274 709 2335 qua
730 2252 840 2317 bonum
884 2249 1050 2313 Fontanarn
1070 2269 1136 2314 tum.
1163 2277 1189 2317 1.
1237 2258 1358 2336 undatur.
1380 2264 1547 2345 Unigenitus
1592 2285 1672 2348 rope-

68 2328 166 2396 nalum
189 2355 223 2396 ue
243 2332 418 2408 discernere,
442 2330 534 2396 sansie
555 2334 655 2399 vivere
676 2378 686 2411 ‚
710 2355 742 2396 ac
764 2351 843 2398 aeter·
880 2350 972 2416 guare
986 2349 1055 2413 pag.
1067 2352 1137 2413 747.
1160 2336 1199 2399 (ι’
1215 2339 1276 2419 seq.
1300 2341 1518 2409 Instructionem
1540 2346 1670 2424 eitam,

68 2433 124 2477 ram
145 2353 265 2496 adipisci
286 2410 496 2480 beatitudinem
517 2414 669 2497 potuisset,
692 2415 712 2477 fi
734 2415 843 2491 vellet,
885 2412 1093 2507 adprobatam
1122 2415 1186 2497 post
1205 2418 1328 2482 comitia
1349 2420 1578 2503 cardinalium,
1613 2429 1672 2489 Ar·

68 2516 148 2575 quave
177 2492 298 2578 perlem
329 2514 459 2579 corpus,
490 2493 604 2576 ejusque
625 2512 724 2558 motus
745 2495 843 2576 depre·
883 2491 1028 2576 chreprsco
1071 2515 1160 2569 runt,
1183 2497 1213 2559 δι
1236 2498 1448 2582 Episcoporum
1469 2504 1574 2568 Gallia
1594 2529 1673 2571 anno

67 2575 217 2652 tenderet,
249 2598 282 2639 ac
304 2595 376 2641 nutu
396 2575 446 2638 suo
467 2574 550 2639 facile
571 2590 708 2654 regeret,
739 2594 843 2656 corpus
886 2592 974 2650 17¹4·
1007 2511 1168 2637 rieiricum
1189 2576 1375 2643 cardinalem
1397 2584 1474 2666 bilsy
1506 2588 1672 2817 Qudne.

67 2655 176 2750 lenique
214 2654 367 2733 babuisse,
407 2676 459 2719 nec
502 2653 749 2727 infirmitatibus,
789 2676 841 2717 nec
883 2653 1044 2734 Theologr'eo
1063 2654 1174 2737 advers.
1194 2662 1302 2740 ‚Quesm
1326 2661 1389 2724 (ic.
1412 2664 1537 2745 Grego'
1561 2689 1591 2729 m
1612 2667 1675 2731 sel.

67 2754 141 2801 nortr
162 2736 346 2802 obnoxium?
368 2739 416 2801 lta
437 2734 502 2801 sane
524 2736 608 2820 ipsius
629 2734 840 2801 sententiaede·
884 2735 935 2799 leri
966 2737 996 2799 S·
1036 2737 1073 2799 R.
1096 2737 1133 2798 E.
1165 2737 1253 2801 Card.
1276 2741 1305 2803 in
1326 2740 1547 2826 principinff‘o
1575 2752 1589 2810 i
1621 2751 1673 2809 Vl.

68 2819 194 2893 larant,
228 2835 314 2899 atque
338 2819 381 2881 ita
401 2841 432 2881 er
477 2818 533 2880 sita
555 2816 610 2880 illa
632 2817 708 2881 suere
730 2838 748 2879 a
768 2817 841 2881 cele·
882 2815 1009 2897 aliosque
1030 2816 1224 2900 Theologos.
1563 2826 1570 2886 i
1693 2842 1705 2847 ·’

67 2898 196 2962 rioribus
215 2897 406 2979 Theologis,
449 2897 547 2961 cilicet
567 2919 585 2958 a
607 2896 785 2961 Bellarmino
806 2902 842 2959 de
922 2898 1022 2989 Habes
1050 2898 1148 2978 itaque
1178 2898 1292 2964 hareses
1321 2921 1424 2968 contra
1453 2907 1609 2974 Catholica
1636 2910 1671 2973 de
1693 2912 1729 2992 63

67 2985 133 3041 irat.
152 2980 241 3060 primi
258 2977 382 3041 homims
403 2976 455 3038 lib.
484 3000 509 3038 ι.
531 2993 594 3054 cap.
622 2998 646 3035 ι.
669 2976 706 3035 ab
718 2976 842 3051 Aloysro
882 2975 955 3037 statu
985 2979 1160 3041 annocentia
1190 2977 1357 3059 dogmata,
1387 3003 1451 3063 qua
1471 2987 1585 3053 credere
1619 3011 1673 3056 nos

67 3056 252 3118 furtianum
272 3056 355 3131 erasi.
377 3073 469 3116 cantra
490 3054 594 3115 Ba'um
614 3070 673 3137 cap.
709 3073 735 3113 1.
758 3055 788 3129 §.
815 3074 841 3114 r.
882 3070 1011 3135 cogunt,
1035 3054 1183 3119 Adamum
1207 3058 1236 3119 in
1258 3059 1311 3121 ilio
1332 3059 1410 3126 fluisse
1431 3064 1503 3128 ssatu
1524 3071 1672 3153 positum,

67 3160 73 3198 ι
93 3131 270 3214 Vasquesto,
292 3155 311 3196 a
331 3133 458 3197 Suaresro
473 3078 576 3215 proleg.
597 3136 625 3195 6.
645 3134 680 3193 de
690 3138 769 3194 Grae.
779 3151 840 3270 f?-
883 3133 1092 3227 supernaturali
1122 3135 1218 3230 gratie
1236 3137 1427 3217 inslrusium,
1459 3165 1509 3228 per
1529 3169 1617 3230 quam
1642 3154 1673 3215 in

67 3240 82 3275 ι.
103 3239 131 3273 n.
147 3233 174 3288 5.
196 3235 214 3274 a
233 3212 379 3291 Ripalda,
401 3213 536 3286 Goneto,
561 3211 662 3285 Estio,
686 3213 818 3274 Francrc
884 3211 1032 3276 sancirtate
1053 3216 1084 3275 δι
1104 3216 1214 3285 jullitra
1232 3220 1475 3296 constituebatur,
1498 3226 1530 3286 δι
1550 3251 1569 3290 a
1592 3252 1670 3294 mor.

67 3290 199 3369 decedo,
221 3290 359 3374 aliisque.
381 3293 450 3355 Hoc
472 3311 542 3354 vero
561 3290 673 3384 posito,
695 3289 761 3370 quis
781 3311 839 3351 non
881 3308 936 3364 te,
969 3290 1146 3372 miseriisque
1167 3293 1330 3360 immunem
1345 3322 1355 3371 3
1385 3321 1437 3363 nec
1459 3303 1581 3388 denique
1602 3330 1671 3373 con.

72 3375 152 3449 ider,
175 3372 298 3456 turpiter
317 3393 366 3437 eos
385 3393 497 3445 errare,
518 3390 572 3450 qut
591 3367 721 3434 censeant
740 3415 749 3444 ,
770 3391 837 3435 cum
879 3368 1078 3447 cupiscentia,
1101 3373 1132 3434 ἃ
1150 3370 1324 3455 paliionibus
1345 3377 1517 3459 subjecium,
1540 3407 1606 3450 curn
1629 3388 1670 3452 as-

67 3460 124 3529 tajo
146 3450 277 3527 sentire,
297 3470 432 3535 negantes
493 3449 612 3514 isrbilem
635 3450 739 3515 ilatum
762 3471 838 3533 pura
879 3449 967 3515 sessus
988 3451 1112 3515 rationis
1134 3453 1258 3538 imperio
1278 3458 1402 3525 omnino
1425 3460 1530 3526 subditi
1551 3468 1669 3535 essent.

71 3555 179 3609 arura,
201 3535 273 3616 quia
294 3534 341 3597 hic
358 3552 426 3616 prop
458 3531 669 3613 ‚55.direrat:
692 3534 767 3592 Deus
786 3557 838 3595 non
879 3531 959 3597 Dum
989 3532 1048 3594 bac
1071 3531 1179 3598 intasia
1200 3559 1365 3615 maneant,
1397 3541 1439 3603 nil
1471 3545 1509 3607 esi
1538 3548 1617 3628 quod
1639 3550 1669 3613 in
1690 3553 1730 3628 64

67 3616 174 3696 uturffet
193 3614 230 3677 ab
252 3618 333 3678 initio
351 3616 434 3677 talem
455 3637 542 3677 meare
562 3611 699 3673 huminem
719 3655 728 3687 ,
749 3615 840 3693 qualis
879 3611 1120 3681 scholasticorum
1151 3617 1339 3697 opinionibus
1360 3621 1573 3704 reprehendas,
1626 3652 1669 3693 uz

67 3689 122 3760 ¹une
143 3694 289 3776 nascitur?
311 3697 391 3760 Nam
404 3698 487 3770 bajus
508 3715 611 3779 puram
635 3710 767 3755 naturam
787 3694 839 3757 ho·
879 3690 1055 3765 versantur,
1077 3693 1124 3757 vel
1145 3697 1221 3758 circa
1243 3697 1345 3764 instans
1369 3745 1377 3775 ,
1414 3701 1444 3763 in
1463 3722 1524 3785 quo
1543 3706 1600 3772 fuit
1622 3710 1670 3773 ι11ῑ

67 3779 143 3841 ninis
173 3798 236 3841 eam
269 3777 418 3851 credidit,
448 3797 510 3858 quae
540 3776 569 3837 in
601 3774 719 3836 Adamo
753 3773 836 3850 suit,
879 3773 973 3854 gratia
1002 3769 1112 3835 collata
1141 3775 1188 3839 vel
1221 3777 1297 3842 circa
1327 3779 1539 3849 distinctionem
1579 3788 1670 3872 origi-

67 3880 129 3925 runc
152 3879 224 3923 veto
243 3879 302 3921 non
324 3879 454 3942 puram,
488 3855 533 3919 sed
554 3854 769 3937 depravatam,
793 3852 836 3916 vi·
879 3852 953 3915 nalis
973 3851 1086 3925 iustitia
1106 3875 1124 3914 a
1144 3855 1315 3932 charitate;
1352 3859 1398 3924 vel
1420 3862 1497 3926 circa
1526 3868 1669 3933 neeeffita.

67 3943 186 4014 iatam,
221 3961 254 4000 ac
276 3939 308 4000 in
331 3937 506 4009 naturalibus
527 3954 692 4020 corruptam
714 3936 753 3998 ob
774 3954 837 4017 pec·
879 3951 940 3997 tem
971 3931 1122 4013 originalis
1149 3940 1248 4078 gratie
1278 3959 1330 4022 per
1359 3939 1386 4003 se
1414 3942 1559 4024 efficacis,
1591 3951 1670 4014 ultra

67 4042 149 4085 arum
174 4019 252 4094 esse,
286 4020 440 4083 &aDeo
461 4017 598 4083 vitiatam
622 4014 683 4078 fieri
706 4036 765 4077 non
788 4035 837 4097 po·
880 4009 1065 4076 sufficientem
1085 4056 1094 4088 ,
1116 4039 1151 4080 ve
1182 4018 1260 4082 circa
1281 4039 1414 4086 naturam
1437 4024 1553 4092 babitus
1573 4029 1669 4115 super·
1758 4022 1762 4041 ⁴

67 4104 132 4165 uisse
164 4119 297 4164 naturam
327 4100 450 4164 asserit.
487 4100 530 4162 At
551 4096 601 4179 qui
622 4113 731 4176 negant
764 4095 839 4158 inter
880 4092 1019 4158 naturalis
1040 4094 1170 4174 auxilii,
1199 4099 1313 4165 aliudve
1336 4102 1455 4169 simile.
1487 4108 1565 4171 Dum
1587 4113 1668 4175 enim

67 4184 241 4256 :atholicos,
265 4200 396 4245 naturam
420 4200 521 4263 puram
544 4200 561 4239 a
582 4175 645 4241 Deo
666 4175 754 4240 creari
787 4196 838 4258 po·
880 4176 983 4268 {laruas
1012 4174 1136 4239 babuisse
1166 4177 1377 4259 supernaturale
1409 4186 1576 4266 auxilium,
1609 4193 1668 4258 fine
1706 4218 1708 4223 ¹

69 4263 160 4338 uisse,
183 4287 218 4327 et
238 4262 304 4326 aliis
324 4261 476 4346 principiis
497 4261 525 4321 id
546 4275 674 4332 eruunt,
695 4277 757 4339 qua
779 4275 837 4318 non
879 4277 915 4349 eo
936 4256 976 4316 nrl
998 4276 1082 4337 agere
1100 4260 1251 4340 potuisse,
1302 4264 1360 4327 uod
1389 4268 1426 4328 ad
1445 4286 1581 4333 aternam
1602 4271 1667 4336 seli·

67 4343 119 4406 'unt
141 4344 334 4426 improbata,
357 4361 389 4407 ut
411 4341 485 4417 infra
505 4339 709 4404 ostendemus.
739 4337 838 4402 Redeo
879 4353 999 4400 citarem
1021 4335 1187 4417 conferret,
1210 4363 1244 4404 ac
1266 4343 1285 4404 li
1324 4366 1387 4409 rum
1410 4344 1460 4410 sub
1479 4349 1535 4413 boc
1553 4353 1667 4418 auxilio

67 4446 131 4491 ,unc
153 4427 189 4487 ad
209 4448 293 4490 rem,
881 4417 1025 4490 manfilse,
1048 4418 1134 4483 Fides
1155 4423 1249 4491 nostra
1268 4422 1342 4488 sarta
1363 4425 1437 4491 tesia
1459 4426 1610 4506 servatur,
1631 4434 1666 4492 fi·

97 4507 204 4588 Neque
225 4506 348 4570 dubitari
370 4500 483 4589 potest,
504 4505 576 4585 quin
599 4501 628 4562 in
650 4501 748 4564 eadem
770 4520 837 4562 cum
882 4522 918 4563 ve
937 4496 1040 4573 dicas,
1062 4501 1187 4581 gratiam
1210 4502 1435 4571 sansiificantem
1456 4508 1601 4579 babuisse,
1631 4511 1665 4571 δι

67 4588 124 4666 iajo
147 4587 243 4653 hatest
263 4585 503 4675 sueritJanlenius
521 4582 654 4653 damnari
666 4580 745 4647 illius
756 4577 836 4664 sysse·
877 4576 1067 4669 sufficientem
1086 4601 1144 4666 qua
1174 4583 1243 4650 bene
1264 4607 1345 4670 agere
1365 4587 1482 4673 podet,
1503 4589 1523 4651 fi
1544 4586 1664 4731 opiner,

520 4672 526 4680 '
619 4671 626 4677 ’
1585 4689 1621 4734 ve

1813 4666 1830 4699 N
