3959 5259
599 15 619 78 ,l

1615 177 1700 266 557

144 282 237 336 tatem
260 261 335 357 inter
352 253 448 350 fideles
468 249 655 350 servandam,
676 247 927 350 'confirmandam
993 250 1142 318 robrboit·
1163 249 1363 350 Confirmatoe
1390 267 1486 321 autern
1501 256 1554 351 ,ae
1583 262 1756 358 Apostolice

168 333 863 510 ,v.„u¹t¹tr²tlttnt‘l:‘utn‚²532:
876 358 929 481 ll.
969 332 1758 509 vnutlsslssfettllullfilnr,suffultot:

140 495 928 661 utetur&terrueruuutmlu
968 494 1759 661 ltro*utuntururrunnu

139 663 235 729 {liano
254 599 368 747 pdpnldl
386 657 621 743 perciperentur,
644 659 679 722 ad
700 679 764 742 quae
784 656 927 725 asserenda
967 675 1083 735 terent,
1105 676 1159 720 nec
1177 656 1213 722 de
1233 678 1313 727 novo
1333 660 1477 733 domum,
1500 657 1547 720 vel
1564 658 1694 741 aliquem
1713 660 1759 725 lo·

139 743 255 811 fuerant
275 738 414 825 primitur
433 737 580 814 instituti,
603 739 651 803 vel
673 738 850 805 detrimento
872 760 923 824 po·
966 760 1033 806 curn
1055 735 1253 831 acquirerent,
1275 761 1327 806 nec
1348 739 1469 813 domos,
1504 737 1550 801 seu
1580 739 1666 816 loca,
1694 760 1760 821 qua

139 826 202 892 tine
221 821 273 885 esst
293 820 346 886 vili
366 817 491 895 fuerint,
513 819 758 901 auperturbandae
769 821 921 904 magivpo·
962 819 1126 895 habebant,
1148 818 1274 882 altenare
1294 819 1426 887 valerent
1447 822 1501 883 stne
1524 817 1656 892 ejusdem
1689 820 1760 884 San.

141 907 279 992 pnlorttm
299 919 364 965 tran
387 899 527 975 uillitati,
546 920 639 981 qaam
661 901 754 967 eidem
778 919 931 982 procuratu·
972 900 1024 963 etz
1044 900 1123 963 Sedis
1139 897 1259 961 licentia
1279 898 1415 985 speciali.
1441 902 1485 962 Ea
1505 899 1763 963 enimomniadis-

141 989 185 1052 ele
214 1002 347 1048 atcomm
388 979 431 1044 ati
453 1002 462 1052 ;
483 979 543 1064 bec
563 980 663 1045 eedem
686 979 856 1062 Apollolica
885 981 931 1045 Se·
1014 979 1108 1043 fitioni
1130 977 1209 1043 Sedis
1228 980 1403 1064 Apollolicae
1422 979 1579 1045 reservavit
1600 982 1630 1042 in
1660 982 1760 1047 Terre

47 1129 50 1141 ,
141 1068 218 1140 dee,
247 1082 313 1143 qne
332 1059 437 1126 eisdem
459 1059 623 1154 plentandie
643 1080 764 1144 operam
786 1060 930 1155 impende-
971 1001 1268 1136 idnelaesubfidiunt,
1289 1064 1335 1127 vel
1347 1080 1530 1159 pauperum,
1555 1060 1760 1158 velaliosploe

142 1164 189 1211 ret
211 1142 308 1220 suam,
330 1140 470 1223 suamque
488 1140 697 1224 interposuerat
706 1140 929 1218 audlontetem,
971 1138 1106 1225 usurpet
1127 1138 1260 1205 locorum
1281 1142 1474 1218 Ordmarroa,
1495 1142 1542 1207 vel
1563 1163 1633 1220 eos,
1650 1143 1759 1225 qurbue

142 1247 193 1294 eoa
212 1223 261 1290 vel
282 1223 368 1287 novio
386 1221 570 1286 communire
592 1220 719 1306 legibue,
743 1220 791 1285 vel
816 1222 851 1284 ad
871 1222 930 1304 pri·
971 1221 1057 1285 Sedes
1078 1217 1139 1305 ipse
1151 1220 1356 1300 commiserit,
1378 1223 1592 1290 convertenda.
1625 1223 1758 1288 Personie

141 1307 248 1371 slinam
271 1301 391 1368 vivendi
411 1300 764 1377 severitatemrevocare,
785 1299 833 1364 vel
851 1302 930 1383 peni·
970 1320 1087 1383 quoque
1108 1298 1235 1384 ipsomm
1269 1304 1416 1370 ordinum
1448 1305 1574 1369 omuino
1604 1302 1758 1370 interdixit

141 1404 191 1452 tue
211 1383 303 1450 etiam
322 1381 464 1460 evellere,
486 1402 520 1445 ec
540 1380 673 1466 dissipare
702 1380 828 1446 minime
847 1381 928 1448 dubi·
993 1382 1066 1445 troad
1086 1400 1238 1448 extraneos
1247 1385 1478 1468 predicationis,
1501 1385 1676 1450 &audiendi
1685 1405 1758 1449 eou-

141 1464 241 1533 tavit.
667 1485 675 1505 ·
969 1400 1100 1528 ielfiouee
1118 1460 1277 1542 Officium,
1298 1483 1349 1531 aut
1369 1467 1457 1531 etiam
1479 1462 1675 1549 sepulturam.
1698 1464 1762 1531 De·

154 1549 253 1611 rtac
273 1545 339 1612 sane
356 1545 391 1611 de
412 1544 495 1610 causa
516 1546 705 1611 Innocentius
726 1543 930 1628 Papa‘l'ertius
970 1541 1093 1609 claravit
1114 1559 1214 1608 tarnen
1245 1544 1274 1608 in
1307 1547 1360 1610 bac
1390 1547 1605 1613 constitutione
1635 1547 1758 1611 minime

141 1628 323 1714 predecetsor
344 1628 438 1691 noller
459 1669 469 1703 ,
492 1646 559 1690 cnm
581 1626 776 1712 comperisset
805 1623 929 1688 nimiam
969 1622 1193 1720 comprehensos
1210 1625 1262 1690 else
1283 1625 1524 1703 predicatorum,
1547 1627 1577 1692 br
1597 1627 1758 1692 Minorem

140 1707 320 1792 regularium
352 1707 498 1772 Ordinem
527 1705 721 1773 diversitatem
752 1725 871 1790 gravem
903 1707 933 1768 in
973 1705 1121 1781 Ordines,
1137 1726 1210 1787 quos
1230 1706 1348 1772 euidens
1366 1732 1401 1774 et
1421 1710 1464 1778 eia
1483 1707 1594 1774 utilitee
1625 1707 1758 1773 Ecclesia
1876 1715 1888 1736 “

144 1788 305 1853 Ecclesiam
328 1787 385 1852 Dei
405 1786 599 1852 consutionem
623 1787 773 1860 inducere,
792 1786 823 1847 in
853 1787 931 1850 Con·
973 1784 1137 1850 Universali
1167 1789 1338 1868 proveniens
1366 1788 1535 1872 perhibebat
1562 1790 1759 1873 approbator·

143 1867 217 1932 cilio
239 1868 376 1933 Genitali
397 1868 578 1930 [ateranensu
603 1868 659 1932 tv.
689 1867 813 1931 firmiter
832 1864 931 1948 probi·
972 1864 1135 1947 voluitque
1156 1863 1268 1950 insuper
1289 1869 1486 1933 Eremitetom
1518 1868 1548 1930 S.
1579 1869 1755 1951 Augustini,

142 1947 289 2023 buit,·ne
308 1946 376 2029 quie
395 1946 432 2011 de
452 1964 550 2012 cetero
570 1968 679 2014 novam
693 1947 876 2029 Religionem
886 1947 929 2007 in·
971 1946 1003 2008 δι
1025 1943 1253 2011 Carmelitarurn
1274 1951 1399 2013 Ordines
1420 1948 1449 2012 in
1471 1947 1563 2012 solido
1596 1948 1670 2014 lietu
1691 1968 1755 2032 per·

140 2027 270 2094 veniat:
289 2027 335 2092 led
356 2028 521 2111 quicunque
541 2028 577 2091 ed
607 2029 658 2094 reli
681 2027 777 2092 ionem
799 2026 931 2091 converti
972 2045 1164 2100 manereeex
1184 2031 1318 2108 eoquod
1341 2030 1457 2093 iliorum
1479 2027 1624 2092 inllitutio
1656 2027 1756 2111 predi·

138 2107 273 2175 voluerit
294 2128 384 2174 unam
405 2105 441 2174 de
451 2108 620 2205 approbatio
667 2126 771 2181 umat3
790 2105 929 2171 decrevit·
970 2105 1049 2171 oum
1071 2107 1212 2171 Generale
1231 2109 1401 2172 Concilibm
1421 2108 1611 2174 lateranense
1621 2109 1758 2190 precelle-

139 2208 202 2269 que
222 2187 358 2272 insuper,
380 2205 413 2253 ut
444 2210 496 2271 qm
528 2187 656 2254 voluerit
688 2187 739 2252 reli
761 2186 852 2251 iosetn
882 2186 932 2251 do·
974 2205 1038 2249 tat.
1063 2187 1188 2250 Demurn
1218 2188 1405 2270 regularibus
1433 2187 1559 2272 personis
1588 2188 1754 2266 Ordinem,

139 2283 231 2332 muru
250 2269 287 2334 de
306 2288 387 2334 novo
406 2268 541 2345 sundere,
564 2270 713 2354 regulam,
735 2209 932 2334 diullitutio·
974 2270 1013 2331 ad
1032 2286 1106 2348 quos
1126 2267 1185 2330 bec
1215 2268 1394 2332 constitutio
1422 2266 1647 2343 extendebatur,
1677 2286 1757 2332 tren-

138 2369 214 2413 netn
234 2347 361 2431 accipiat
382 2351 417 2413 de
438 2350 729 2434 approbationem
756 2348 931 2433 consequent
969 2346 1069 2412 seundi
1089 2346 1125 2410 ad
1146 2345 1271 2429 reliquos
1291 2347 1415 2411 Ordines
1424 2348 1598 2431 approbatos
1606 2348 1758 2412 licentiam

139 2427 225 2504 suit,
249 2445 282 2493 nt
300 2449 360 2493 nou
381 2430 481 2495 liceret
502 2431 625 2495 omnino
639 2433 747 2496 novam
756 2431 929 2512 religionem
970 2426 1106 2493 concessu
1126 2428 1305 2508 generalem
1327 2429 1370 2492 ita
1390 2446 1507 2505 tamen,
1530 2444 1563 2493 ut
1584 2427 1678 2493 nullon
1698 2430 1757 2491 Ou-
1789 2488 1800 2506 ,

140 2510 291 2573 instituere
310 2508 368 2582 sune
388 2509 504 2591 speciali
526 2512 654 2574 Rotnani
675 2511 826 2571 Pontificio
847 2511 934 2570 licen·
973 2509 1012 2569 do
1033 2507 1069 2569 ad
1090 2506 1204 2582 alium,
1226 2507 1273 2572 vel
1294 2509 1467 2574 Conventus
1500 2508 1536 2571 ad
1565 2508 1757 2575 Contentum

141 2586 208 2663 tia,
230 2590 262 2651 eu
283 2587 551 2678 meritoquidem,
573 2606 611 2647 na
662 2606 729 2647 corn
751 2606 835 2650 nove
855 2587 933 2646 een-
975 2585 1022 2657 se,
1044 2606 1077 2646 ac
1099 2584 1163 2647 loca
1183 2585 1232 2648 sua
1251 2588 1383 2652 totaliter
1404 2587 1586 2663 transferret,
1616 2611 1675 2652 non
1705 2590 1761 2655 ob·

138 2666 325 2757 gregatiooes
345 2682 466 2726 maone
488 2603 933 2822 peffitsgraminstemn·
974 2679 1059 2726 tenta
1078 2663 1158 2743 priua
1177 2663 1293 2747 speciali
1314 2667 1393 2729 Sedis
1412 2667 1589 2748 Apostolice
1609 2669 1749 2733 licentiae

140 2764 215 2887 uu
234 2743 453 2885 utem
467 2737 934 2914 retruderetur
974 2739 1163 2884 ,nutu
1180 2743 1759 2915 turnutrutumuz

143 2903 196 2966 bet
217 2900 389 2996 diligenter,
412 2920 452 2963 ne
469 2897 519 2963 sm
539 2899 629 2996 speeie
650 2919 772 2972 merone
791 2901 881 2975 boni,
902 2898 934 2962 dt
975 2899 1186 2965 predecessores
1206 2902 1311 2978 nosln,
1332 2922 1456 2985 quotum
1477 2905 1612 2969 omniane
1641 2907 1760 2972 decreta
1803 2925 1827 2976 ξ

143 2980 295 3046 sandliorre
315 2980 384 3044 vite
404 2979 533 3061 plurima
553 3001 584 3042 un
606 2978 733 3043 Ecclesia
743 2979 800 3045 Dei
821 2981 932 3045 incom·
973 2981 1094 3063 longum
1115 2980 1182 3046 esset
1204 2980 1325 3047 referre.
1349 2983 1429 3050 inter
1448 3001 1558 3050 ceteros
1588 3006 1660 3051 vero
1689 2989 1761 3052 Cle-

47 3079 55 3088 *
142 3062 252 3136 mode,
275 3058 442 3136 desortaffe
459 3060 551 3126 etiam
573 3059 651 3125 orele
670 3060 862 3127 exorientur.
972 3082 1056 3126 mene
1077 3062 1156 3145 Papa
1177 3064 1225 3124 Vr
1238 3063 1347 3144 pariter
1366 3064 1546 3129 Predecelbr
1567 3068 1677 3144 noller,
1707 3089 1761 3152 per
1794 3085 1802 3098 ’

186 3140 333 3218 Quemvis
352 3161 422 3206 tero
497 3140 757 3207 videntitnmehaec
779 3138 931 3208 suerinteb
970 3141 1032 3206 sues
1054 3139 1103 3206 sub
1124 3141 1246 3226 plumbo
1266 3147 1294 3206 ό.
1316 3162 1407 3210 nenas
1426 3145 1505 3210 Maii
1525 3159 1603 3212 enno
1625 3149 1759 3213 lucarna-

139 3219 322 3290 Innncentio
344 3222 406 3285 ΙΙΙ.
453 3222 809 3302 rederessoreconllituta,
829 3241 930 3288 tanuen
972 3223 1069 3289 tionie
1087 3223 1252 3288 Dominice
1277 3244 1365 3300 rute.
1386 3227 1532 3309 expeditae
1551 3225 1661 3292 litterae
1669 3229 1773 3292 Ordi-

144 3303 334 3390 pnsimodum
355 3322 414 3397 non
435 3301 528 3399 solum
550 3304 586 3399 ab
608 3303 780 3401 Apostolica
799 3307 870 3370 Sede
879 3304 933 3367 im·
974 3323 1043 3369 netn
1064 3303 1252 3398 bllilitarem,
1271 3304 1508 3447 Templetiorum
1527 3326 1761 3391 nuncupatorum

189 3403 275 3451 rtuna
295 3395 458 3464 petentium
468 3385 595 3448 tnlrietto
609 3384 774 3469 aliquorum
787 3387 934 3450 Ordinem
998 3404 1112 3448 namura
1180 3385 1264 3448 ittme
1291 3405 1346 3450 con
1371 3404 1528 3460 rmatum,
1559 3389 1590 3451 dt
1619 3388 1689 3451 alias
1722 3389 1760 3453 de

143 3406 336 3551 ffegnmtum
358 3466 598 3547 approbationem
620 3466 757 3545 extorsit,
780 3487 882 3533 vetum
893 3483 936 3532 et·
974 3404 1142 3528 duritiam
1189 3463 1321 3561 epublica
1339 3466 1411 3559 adeo
1440 3467 1572 3561 preclare
1599 3469 1759 3542 meritam,

143 3549 206 3612 iarn
227 3544 433 3613 nonnullorum
443 3544 667 3632 presumptuosa
677 3549 828 3613 temeritas
843 3547 935 3613 diver·
977 3563 1010 3609 ut
1032 3567 1050 3607 a
1071 3546 1190 3610 SedeA
1255 3544 1334 3609 oltra
1354 3546 1506 3634 tusgntbuu
1515 3546 1677 3625 beneficiis,
1699 3550 1759 3633 pti-

142 3628 242 3693 setmu
263 3629 408 3696 Ordinem
431 3628 514 3716 preci
602 3629 829 3694 mendicantium
860 3649 932 3693 non·
974 3626 1111 3706 vilegiis,
1134 3624 1338 3704 secutaribus,
1359 3629 1609 3711 exemptionibus,
1632 3629 1761 3696 licentiis

139 3710 219 3772 dum
233 3712 464 3806 approbatorum
526 3729 661 3777 renatam
681 3707 932 3793 qoafimultitudi·
973 3705 1140 3770 cumulatos
1159 3706 1264 3784 suerit,
1286 3710 1326 3774 ob
1357 3708 1549 3776 universalem
1579 3709 1759 3776 diffamatio-

140 3810 214 3852 nem
237 3793 409 3858 adinvenit.
430 3793 545 3871 Quibus
565 3796 674 3879 plenec
737 3792 808 3869 itit,
826 3807 931 3856 teme·
974 3807 1042 3851 nem
1067 3785 1232 3869 suppressit,
1255 3788 1287 3852 dt
1308 3790 1441 3857 totaliter
1462 3790 1618 3867 extinxit,
1645 3792 1759 3856 etiamsi

140 3869 177 3933 lo
198 3871 293 3934 &tim
314 3891 494 3950 occurreret,
517 3876 562 3937 Gr
618 3815 734 3940 riurein
797 3873 836 3935 X.
894 3869 931 3933 ri·
973 3867 1142 3933 Concilium
1163 3867 1305 3933 Generale
1325 3871 1508 3942 viennense,
1529 3872 1575 3935 coi
1681 3872 1759 3936 tium

140 3966 193 4013 ter
215 3953 397 4028 Prodecessor
417 3957 510 4018 noller
531 3957 560 4016 in
613 3955 718 4021 enerali
755 3951 844 4018 oncil.
882 3972 933 4032 og·
972 3948 1199 4014 examinandum
1220 3949 1423 4028 commiserat,
1445 3974 1464 4015 a
1483 3941 1617 4027 formali,
1690 3952 1759 4014 deli·

132 4029 423 4122 dunenfi‘reoevatu
444 4036 660 4100 Conlliturione
681 4036 766 4120 ipsine
793 4035 934 4096 Innocen·
972 4030 1073 4094 nitiva
1093 4026 1206 4092 ferenda
1225 4028 1370 4096 sententia
1389 4031 1529 4098 censuerit
1552 4031 1578 4096 se
1598 4032 1758 4096 abllinere.

132 4109 185 4174 tii
207 4112 277 4182 ltu
291 4115 499 4181 Predecesiorie
517 4161 527 4194 ,
547 4116 698 4180 dillriflins
729 4113 876 4186 inhibuit,
896 4132 933 4175 ne
956 4151 961 4156 -
1014 4107 1134 4172 Sandlue
1155 4109 1222 4173 Pius
1241 4110 1282 4173 V.
1305 4109 1437 4177 steriliter
1457 4111 1759 4189 Praedecelsotnoliet,

142 4190 253 4274 aliquis
273 4195 309 4260 de
327 4214 423 4261 cetero
444 4219 559 4263 novum
572 4197 732 4272 Ordinem,
754 4191 932 4275 antreligio-
973 4193 1054 4263 cnjus
1078 4190 1214 4329 inspuent
1237 4189 1417 4258 senilitatem
1438 4193 1485 4272 pie
1504 4192 1599 4265 colit,
1619 4192 1650 4252 or
1671 4213 1757 4276 vepe-

140 4293 218 4336 nem
237 4274 430 4353 adinveniat,
452 4280 499 4344 vel
521 4278 655 4344 habituum
679 4299 761 4343 nove
784 4272 933 4358 religionie
974 4287 1053 4334 ratur
1072 4269 1132 4332 Ber
1145 4270 1199 4333 esua
1219 4271 1396 4347 Catholica,
1416 4271 1558 4336 Ordinem
1582 4272 1756 4351 Regelarem

137 4351 287 4420 assumat.
308 4358 434 4423 Ctmdlae
457 4380 526 4425 veto
554 4358 727 4442 generaliter
761 4356 931 4439 religionen,
974 4352 1112 4416 Fratrum
1124 4351 1756 4419 HumiliatornmConcilioLateranensian·

135 4434 180 4497 ee
200 4437 323 4502 Ordines
343 4442 539 4506 mendicantes
558 4442 622 4526 post
651 4438 819 4506 Concilium
851 4437 936 4500 Late·
977 4431 1138 4506 rariorem,
1160 4434 1409 4517 approbatumque
1429 4455 1447 4496 a
1467 4431 1558 4496 felicis
1582 4432 1753 4497 recordatio·

139 4514 267 4580 renense
289 4521 344 4584 lv.
367 4522 558 4595 adinventor,
580 4523 631 4604 qui
653 4519 763 4584 nnllam
784 4515 936 4584 confirma·
979 4513 1025 4575 nie
1047 4512 1218 4578 Innocentio
1241 4515 1301 4576 Ill.
1324 4512 1529 4582 Honoriolll.
1549 4511 1608 4576 Gre
1628 4513 1758 4578 oriolls.

132 4598 263 4664 tionem
284 4599 363 4669 bediu
381 4602 558 4690 Apollolieae
580 4619 766 4683 meruerunt,
795 4616 935 4687 perpetuo
975 4592 1155 4664 &Nicolao
1176 4593 1217 4659 V.
1239 4594 1381 4660 Romanis
1403 4591 1589 4664 Pontificibus
1610 4534 1760 4737 irzdsges·
