3959 5259
452 97 1348 228 ,JEJUNIUM‚A1e'·r.I.
1566 100 1659 219 ρος
1784 186 1797 210 .‚

15 206 16 257 3
55 234 58 247 ›
113 264 169 318 com
211 236 307 305 rpffinp
337 229 408 317 quid
440 228 470 292 in
509 247 563 311 pro
605 221 664 287 suis
694 218 895 303 quaslionibus
976 216 1011 278 ln
1035 211 1154 278 Litteris
1176 214 1291 277 Nostris
1313 212 1518 296 Apostolicis,
1548 235 1622 299 quas
1640 224 1718 286 anuo

15 350 19 451 l

15 316 17 345 ¹
113 350 160 396 con
183 319 335 388 irruendum
358 312 453 388 esstt,
484 329 535 372 trec
568 305 608 368 tbi
629 301 791 366 molesliam
813 301 892 364 exbi-
940 316 1027 377 1741·
1048 294 1086 358 ad
1117 312 1219 359 omnes
1247 292 1408 436 Episcopos
1436 297 1609 362 Catholicos
1638 301 1716 365 dedi·

109 408 242 478 petissent,
264 417 317 461 trec
335 392 458 470 Nobis,
478 409 553 473 quos
573 382 747 469 gravissima
765 381 894 479 pndique
934 398 1022 472 mus,
1054 376 1121 440 huic
1143 392 1312 470 corruptea
1334 396 1414 440 viam
1435 374 1604 459 praeludere
1632 381 1721 464 coph

110 484 291 557 circumstant
310 495 405 552 curre,
440 491 499 537 uon
521 488 626 554 parum
647 484 789 561 temporrs
807 483 893 557 occu·
934 475 1083 552 tavrmus,
1105 480 1140 522 ea
1160 474 1294 532 ratione,
1317 453 1379 519 illis
1396 478 1430 520 ue
1443 457 1558 532 verbis,
1581 480 1715 542 querut-

126 568 241 640 asicnt,
271 559 350 642 quod
371 575 469 622 tamen
491 571 545 637 pro
576 546 709 630 singulari
730 544 840 639 Noslro
862 565 893 605 ιιι
913 539 996 635 'sum
1026 540 1075 602 luc
1108 537 1302 613 subiicimus:
1332 477 1467 599 Deiitum
1489 541 1574 622 igiter
1593 544 1720 606 Paterna

107 651 365 781 illm-imi
387 634 508 782 “sss
534 647 628 779 sss:
650 625 894 772 assalitus?
932 621 1144 780 {silisis
1176 619 1296 778 vsu?
1317 618 1560 762 stilus
1592 626 1718 721 “⁸⁸⁴³‘'

105 727 431 883 ἑῗέῗᾶίἳῃρξοῗὶιωῐιη
453 793 535 858 simul
554 806 751 890 precaventes
770 807 895 870 quomo·
936 789 997 860 tir,
1020 785 1060 848 (9¹
1074 704 1741 863 innuicierin’neminiqnlidemnfioilegseiiiil'

105 892 195 960 doira
219 880 386 984 ltujusmodi
415 875 617 970 quaelliombus
646 870 763 935 firmare
814 868 895 932 tessus
934 866 1035 962 caude,
1059 865 1099 928 (9¹
1120 868 1156 927 de
1175 864 1317 963 aptiusque
1331 866 1449 959 Medici·
1463 862 1591 959 cpnſssie:
1614 865 1721 964 Musti:
1820 868 1827 877 ”

101 975 214 1071 vesirtps
235 988 264 1030 tn
286 976 427 1048 promptu
447 957 500 1022 fit.
521 954 685 1098 Rcltquum·
703 953 765 1029 est,
827 970 892 1043 ene·
933 948 1197 1045 sude-utqerpvesuer
1207 945 1331 1041 l'optdo,
1349 949 1558 1041 astutorum,
1575 949 1719 1009 autGetrte

105 1055 209 1121 rabtlts
225 1050 350 1143 frater,
372 1058 406 1107 ιιι
426 1040 502 1113 ttbt,
531 1056 591 1132 quq
632 1032 754 1097 sattmus
774 1050 890 1126 euant-
933 1030 1180 1108 induciomarum
1200 1047 1310 1119 integre
1329 1048 1382 1121 pon
1400 1024 1456 1100 mſs
1470 1026 1650 1109 graorffima,
1680 1026 1722 1090 (p

104 1158 161 1202 mo
190 1179 200 1209 ,
251 1145 378 1210 taectpuae
407 1118 616 1218 bpnpvolenttae
647 1115 758 1179 Nosltae
787 1130 894 1207 pugnus
934 1127 1048 1191 urgente
1068 1109 1240 1188 neceffitute,
1265 1118 1356 1205 {⁹⁹5⁸
1377 1104 1553 1248 castbursser
1568 1109 1718 1172 sarraca.

104 1213 308 1302 Apostolrcarn
330 1204 563 1297 benedrsltonem
582 1210 768 1283 peramanter
788 1211 893 1275 tmper-
934 1213 1037 1288 nouom
1055 1188 1158 1268 satura
1173 1190 1358 1272 prescriptos,
1381 1211 1444 1252 esus
1454 1189 1489 1250 de
1508 1205 1553 1249 tta
1561 1187 1721 1271 Apososecae

105 1300 235 1365 siamus.
259 1291 330 1353 Dat.
352 1288 411 1350 &u
431 1286 461 1347 8.
484 1280 556 1354 ]ιιΙιι
581 1299 669 1359 1744.
933 1271 1019 1353 herpes
1037 1271 1145 1334 Sancta
1165 1270 1246 1333 Sedis
1265 1274 1420 1332 reuerentia
1440 1269 1720 1354 aQuadtagtlt'masa'

146 1380 227 1453 Cum
249 1373 308 1435 lraec
331 1364 421 1432 irase
443 1364 588 1438 habeant,
611 1358 679 1423 satis
694 1354 807 1422 muneri
830 1354 895 1417 No·
932 1354 1041 1437 jejunio
1061 1353 1290 1435 dispensationem
1311 1352 1392 1413 coires
1431 1356 1514 1413 uoties
1542 1368 1608 1433 opus
1630 1353 1722 1430 spem

102 1463 163 1527 llro
185 1454 279 1524 fecisse
300 1449 454 1521 videmur,
476 1466 512 1509 ne
533 1442 577 1505 illi
599 1438 729 1524 (quibus
746 1438 816 1501 licet
835 1454 894 1498 car·
938 1432 1153 1509 concedendam,
1174 1431 1383 1505 necandasler,
1400 1375 1570 1513 fidenterque
1589 1434 1722 1515 ufieepan.

102 1564 157 1608 nes
178 1535 287 1612 edere)
308 1551 376 1595 cum
407 1527 548 1601 ieiunium
579 1540 713 1605 tempore
734 1516 898 1599 Quadrage·
939 1519 1027 1590 don,
1050 1538 1099 1579 nec
1114 1515 1254 1598 superbe,
1273 1513 1317 1576 (e
1336 1530 1493 1593 arrogant„
1513 1512 1551 1575 ,ρ
1571 1512 1719 1592 puppa,

101 1625 204 1696 fimas,
228 1616 275 1682 vel
297 1630 379 1678 extra
399 1604 652 1688 Quadragefimam
667 1598 898 1682 Fidelibusprae·
933 1595 1020 1675 ficati
1037 1594 1112 1657 alibi
1130 1597 1164 1658 r‘u
1183 1617 1255 1660 mm
1269 1592 1389 1678 paſssam
1409 1594 1460 1675 epp
1477 1597 1647 1679 ,πρίω
1669 1596 1722 1677 ff

111 1703 275 1773 scribitur,
295 1694 381 1758 unius
402 1685 589 1753 comesliouis
609 1683 720 1747 limites
741 1681 897 1753 excedant,
935 1674 1146 1762 postulandam,

102 1807 139 1850 ac
169 1802 210 1846 rte
242 1775 365 1862 piscibus
395 1769 476 1834 fimus
499 1764 684 1831 &carnibus
713 1760 812 1846 parari
847 1756 898 1821 sibi
982 1756 1231 1823 PorroNosbattc
1246 1778 1388 1823 nonnam
1409 1756 1626 1834 securisumus,
1649 1778 1721 1822 cum

102 1863 245 1934 mensam
265 1856 431 1941 patiantur,
454 1869 528 1911 nese
549 1840 751 1909 cavillarioires
775 1838 900 1924 perstru·
942 1838 1183 1914 multitudinem,
1207 1838 1300 1904 veluti
1321 1839 1490 1923 Populum,
1523 1859 1573 1903 aur
1604 1839 1722 1905 Civita-

15 1982 16 2025 ff
103 1963 239 2014 teretur,
261 1950 294 1997 ut
316 1930 373 2011 legi
394 1926 526 1993 tenebras
545 1924 834 1988 offendenteuanca
852 1936 897 1983 ta·
941 1938 1003 1986 tem
1026 1918 1167 2002 integrant
1179 1919 1721 2000 Quadragosrmaliabsiinentiaimmu·

101 2047 176 2089 men
200 2016 295 2082 adbuc
309 2008 484 2096 supersunt,
506 2026 570 2090 qua
591 2003 752 2070 remedium
770 2000 898 2065 aNobis
937 2023 1006 2067 nem
1028 1999 1258 2066 declaravimus.
1281 2001 1316 2060 lu
1339 1999 1441 2082 primis
1463 2000 1535 2063 Loci
1557 1998 1720 2082 Episcopus

102 2100 293 2191 deposcunt.
938 2082 968 2145 id
979 2081 1120 2164 postulare
1141 2079 1265 2145 aNobis
1285 2079 1405 2155 debuit,
1428 2100 1460 2143 ac
1481 2080 1516 2143 de
1534 2079 1722 2160 gravissima,

148 2181 305 2264 Siquidem
329 2175 509 2244 advertimus
526 2174 589 2248 jam
612 2168 715 2235 multis
723 2165 826 2231 abhinc
847 2186 896 2229 att·
938 2164 1110 2247 urgentique
1131 2160 1294 2227 necessitate
1315 2157 1396 2225 suum
1415 2159 1617 2225 testimonium
1636 2161 1724 2225 inter·

102 2267 154 2334 nis
175 2284 238 2328 non
260 2259 352 2325 solum
375 2258 469 2341 plures
491 2256 522 2317 iu
542 2251 672 2336 qualibet
697 2247 790 2312 ltalia
810 2246 896 2311 ‘Urbe
937 2264 1077 2330 ponere.
1109 2242 1220 2306 Deinde
1248 2263 1346 2306 carnes
1365 2241 1489 2305 minime
1547 2239 1647 2304 rmisla
1664 2240 1724 2306 sue·

100 2347 204 2415 veslta
225 2342 398 2407 ausioritate
419 2336 534 2403 dissolvi
553 2333 680 2421 aQuadr
718 2327 826 2395 efiruali
847 2329 896 2391 ab·
938 2343 1036 2401 tuot,
1067 2323 1190 2387 filasiis
1210 2323 1241 2386 u
1261 2343 1387 2387 ovorum
1406 2320 1472 2386 usus
1511 2321 1569 2385 atis
1598 2320 1650 2385 esse
1678 2321 1725 2387 vi-

99 2425 279 2500 liinentia,
311 2420 358 2487 sed
388 2420 478 2487 etiam
512 2436 622 2499 magno
651 2415 693 2477 stu
714 2411 744 2476 io
776 2427 897 2474 conten·
940 2409 1071 2471 dererur.
1092 2404 1173 2468 Turn
1194 2424 1265 2467 vero
1286 2402 1408 2469 facultas
1429 2402 1529 2467 edendi
1546 2421 1647 2465 carnes
1669 2402 1724 2463 tri·

101 2509 199 2584 ditis,
225 2523 257 2569 ut
268 2500 432 2569 universam
442 2498 626 2572 Civitatem,
649 2512 803 2573 totamque
815 2491 897 2553 Dior·
940 2487 992 2551 bui
1009 2483 1107 2557 solutu
1123 2481 1300 2559 cousuevit,
1315 2504 1390 2547 cunr
1406 2482 1574 2565 interposito
1585 2478 1726 2565 Episcopi

99 2591 198 2658 celim
223 2584 323 2651 eadam
344 2578 515 2648 abstinentia
537 2576 720 2639 liberemus.
759 2571 837 2633 Hinc
859 2568 898 2633 fa·
940 2564 1109 2632 testimonIo
1130 2564 1159 2627 id
1179 2562 1304 2629 omuino
1325 2563 1507 2629 necessarium
1526 2561 1723 2637 judicaretur,

99 2673 188 2736 dium
213 2669 281 2743 esi,
312 2681 345 2730 ut
366 2663 396 2727 in
428 2655 596 2744 quibusdam
618 2652 828 2728 Civitatibus,
863 2670 897 2713 ac
938 2668 991 2713 nec
1013 2643 1153 2710 sussiciens
1172 2641 1329 2710 necessitati
1351 2643 1510 2708 remedium
1538 2640 1633 2708 asserti
1653 2659 1725 2706 cou-

97 2749 289 2819 Dioecesrbus
310 2749 369 2821 jam
384 2763 443 2828 per
463 2738 572 2802 multos
591 2755 682 2800 annos
702 2732 814 2795 Fideles
835 2731 897 2794 uni·
938 2730 1043 2804 unet,
1065 2727 1086 2789 sl
1106 2746 1165 2790 ova
1185 2723 1297 2801 solum,
1319 2723 1350 2787 br
1371 2724 1515 2787 ludicinia
1535 2722 1724 2787 concederen-

15 2853 19 2859 '
98 2835 181 2902 verso
207 2830 312 2910 absque
332 2826 395 2890 ullo
416 2817 581 2885 discrimine
595 2812 733 2879 carnibus
756 2832 806 2893 per
820 2813 898 2886 Qua·
940 2827 1008 2873 tur.
1039 2806 1163 2882 Quoties
1184 2822 1281 2869 autem
1305 2804 1474 2868 abstinentia
1494 2803 1725 2885 Quadragefirnae

78 3001 164 3061 ιΝο
190 2996 221 3054 is
242 2987 325 3051 affert
347 2978 604 3050 sollicitudinem,
636 2972 772 3053 eoquod
801 2970 900 3054 depre·
945 2968 1008 3031 dies
1028 2964 1264 3049 prescripsimus,
1297 2883 1401 3107 qp‘sbui
1422 2962 1534 3043 integra
1553 2961 1728 3027 abstinentia

96 2918 135 2981 dt
180 2913 303 2977 elimam
333 2919 482 2969 utantur.
515 2898 549 2960 Id
587 2894 704 2977 quidem
737 2889 898 2955 maximam
940 2889 1037 2952 nostra
1064 2884 1236 2949 ausloritate
1270 2883 1363 2947 soluta
1397 2884 1471 2957 uit,
1501 2902 1594 2946 certos
1623 2902 1725 2946 tamea

1369 3042 1537 3119 Cinctum,
1568 3042 1630 3107 dies
1671 3062 1724 3105 ua·

96 3073 274 3140 heudimus
294 3063 381 3130 certis
400 3056 572 3124 testimoniis
592 3055 622 3117 in
644 3051 815 3135 quibusdam
843 3054 900 3115 lle·
943 3044 1123 3122 servaretur,
1146 3063 1250 3129 nempe
1271 3043 1316 3107 die

94 3153 253 3299 pinnibus
261 3138 484 3232 septemtrionis
503 3156 570 3203 toto
589 3134 818 3215 Quadragefimae
838 3153 901 3196 cur·
942 3145 1210 3210 ruortemporum,
1233 3118 1531 3208 vigiliabesprmcepto
1551 3063 1722 3199 cunulae,

112 3260 133 3301 u
159 3233 251 3298 lastis
280 3232 311 3295 δι
341 3241 467 3293 ovorum
496 3217 577 3285 usum
614 3215 701 3279 libere
725 3212 899 3297 permitti,
941 3209 1001 3273 dies
1032 3208 1160 3279 Maioris
1179 3205 1375 3270 Hebdomada
1395 3226 1413 3267 a
1435 3202 1592 3267 Dominica
1613 3202 1752 3273 Palma,¹

120 3317 178 3381 uia
202 3312 375 3397 perplures
395 3323 486 3368 annos
506 3298 638 3364 eamdem
662 3293 830 3358 facultatem
852 3313 902 3376 pe·
944 3309 1041 3353 rum.
1072 3286 1253 3381 Quandoque
1286 3283 1478 3350 recensuimus
1508 3283 1599 3348 etiam
1630 3299 1729 3347 totam

96 3397 251 3469 tuerint,
286 3394 318 3456 δι
336 3390 373 3453 ab
393 3388 447 3450 hac
467 3381 586 3447 SedeA
631 3375 728 3440 slolica
756 3372 901 3439 consecuti
942 3368 1157 3433 hebdomadam
1180 3369 1350 3431 Cunerum.
1381 3363 1552 3447 Aliquaudo
1573 3362 1662 3429 etiam
1684 3363 1729 3426 in·

99 3480 261 3546 suerint·
294 3466 492 3548 Quamobrem
515 3459 559 3524 isli
606 3456 688 3542 opuli
718 3454 768 3519 srbi
791 3457 820 3518 in
841 3454 903 3517 aui·
946 3448 1074 3513 diximus
1094 3446 1300 3513 abstinentiam
1322 3444 1401 3510 seriis
1422 3443 1537 3520 settis,
1569 3465 1603 3507 ac
1624 3442 1730 3507 Sabba-

96 3581 195 3626 nrum
224 3554 422 3625 induxerunt,
454 3566 514 3609 non
535 3541 587 3607 esse
610 3536 702 3603 rursus
723 3539 759 3602 ad
779 3534 903 3600 Pontis·
945 3530 1002 3607 tis,
1036 3528 1152 3594 etiamst
1173 3527 1294 3595 facultas
1313 3548 1331 3590 a
1352 3525 1450 3590 Nobis
1470 3525 1578 3589 tradita
1600 3523 1683 3587 lactis
1701 3525 1735 3588 δι

98 3663 170 3708 cem
197 3631 433 3715 confugiendum
454 3646 507 3709 pto
527 3619 692 3695 hujusmodi
703 3616 838 3683 sacultete
849 3617 905 3679 im·
945 3631 1072 3678 ovorum
1095 3608 1178 3674 usum
1200 3607 1293 3672 solum
1316 3606 1557 3691 complessetetur
1580 3649 1589 3668 .
1620 3603 1731 3667 Postre-

96 3718 279 3811 petranda,
303 3712 349 3778 sed
370 3711 480 3796 priores
500 3700 694 3769 concessiones
714 3699 830 3782 fingeris
853 3718 903 3761 an·
949 3712 1002 3755 mo
1023 3692 1114 3754 etiam
1135 3687 1334 3754 conditionem
1350 3685 1466 3772 semper
1486 3684 1673 3758 addidimus,
1696 3703 1733 3746 ne

96 3807 148 3870 nis
172 3815 318 3883 acceptas
351 3789 507 3863 sufficere,
540 3801 575 3850 ut
605 3782 686 3846 tactis
714 3781 900 3844 &ovorum
942 3771 1044 3848 jejunii
1065 3773 1126 3834 Lex
1160 3770 1246 3835 unius
1275 3790 1326 3852 per
1344 3768 1423 3833 diem
1459 3764 1648 3832 comestionis
1670 3762 1733 3826 ullo

97 3880 298 3952 consuetudo
319 3896 369 3962 per
389 3866 642 3950 Quadragesrmam
656 3861 899 3945 comprobetur.
943 3852 1033 3918 modo
1054 3850 1243 3926 violaretur,
1274 3870 1365 3914 acne
1387 3848 1469 3912 simul
1491 3847 1522 3910 in
1554 3842 1653 3911 mensa
1671 3842 1732 3907 dat·

98 3970 262 4033 Praererea
284 3957 412 4024 maxime
431 3943 764 4016 sociendaesledurimus
782 3963 816 4008 ea
836 3960 904 4004 vet-⁴
942 3934 1043 4002 nes&
1063 3930 1153 4016 pisces
1172 3948 1406 4014 apponerentur.
1566 3980 1577 3989 .

97 4050 140 4115 ba
159 4045 263 4111 Trid.
286 4036 554 4120 Concseffioneae.
573 4044 633 4110 cap.
652 4026 699 4090 18.
719 4023 754 4086 de
774 4024 899 4101 Reform.
982 4014 1066 4079 Dum
1097 4011 1242 4076 rationem
1270 4011 1356 4087 buius
1385 4007 1497 4074 consilii
1519 4006 1622 4074 Nosiri
1657 4002 1731 4071 serio

98 4134 203 4196 Sinuri
223 4121 346 4212 publice
366 4114 566 4214 expedielaegis
586 4107 731 4173 vinculum
751 4104 911 4187 quandoque
989 4093 1172 4181 rpendinrus,
1192 4091 1269 4157 haud
1291 4092 1376 4176 plane
1395 4088 1602 4173 acquiescimus
1619 4087 1736 4153 obeam

98 4214 269 4283 relaxare,
289 4202 454 4285 replentur,
476 4185 794 4265 evenientibaseasebter,
815 4184 909 4250 (onc
964 4176 1186 4250 olicitudinem,
1209 4194 1244 4237 ac
1264 4172 1500 4247 dubitationem,
1535 4192 1571 4239 ne
1591 4166 1673 4235 causa
1693 4166 1733 4230 ab

100 4287 296 4373 effectibus
333 4308 362 4345 ro
382 4278 519 4344 conunouo'
537 4272 663 4336 utilitate
677 4267 839 4351 [arissam
871 4265 913 4344 fio
954 4257 1104 4354 Episcqpo
1124 4254 1197 4321 Loci
1240 4252 1353 4330 roiate,
1374 4273 1462 4337 quam
1485 4255 1550 4316 Nos
1569 4250 1737 4333 legitimam

95 4372 294 4458 frequentius
311 4304 400 4448 legem
425 4359 564 4442 solone,
597 4353 769 4434 exemploque
784 4352 907 4431 potius,
952 4340 1125 4407 credidimus
1147 4337 1183 4400 ad
1215 4336 1372 4401 uisendam
1396 4332 1628 4414 Quadragesima
1650 4327 1734 4393 absti-

124 4477 208 4520 mm
233 4466 306 4512 cmo
320 4447 495 4531 personarum
514 4457 656 4518 teruntque
674 4430 906 4511 deseslopetenei·
948 4420 1108 4496 nentium,
1141 4421 1200 4493 ejus
1224 4431 1333 4480 natatu
1353 4413 1468 4480 fonaffe
1489 4434 1547 4479 uon
1571 4413 1634 4485 sit,
1669 4425 1740 4487 quae.

101 4484 165 4603 {aas
189 4529 365 4612 indulgete,
381 4526 426 4590 nil
446 4518 528 4588 aliod
540 4518 583 4598 esi
596 4562 614 4594 .,
645 4536 731 4598 quatu
764 4514 911 4596 uuicuique
948 4516 1078 4577 veramq
1109 4499 1141 4562 ce
1161 4514 1311 4645 arlpentem
1333 4494 1527 4563 neceslitatem
1548 4491 1698 4566 continear
1726 4526 1737 4549 .

104 4620 151 4711 ad
175 4619 277 4700 leges
294 4601 529 4704 transgrediendos
547 4597 658 4671 edimur
677 4596 799 4681 aperire.
952 4584 1070 4676 Quippe
1092 4579 1164 4648 illud
1218 4578 1283 4645 obis
1304 4578 1414 4662 semper
1443 4595 1512 4643 ante
1545 4570 1665 4736 οιιιίορ0
1688 4585 1735 4630 ro·

359 4724 375 4771 ρ
1686 4685 1699 4700 .
