3959 5259
322 180 657 273 IMMUNITA'S
688 180 1403 294 ECCLESIASTICA,&c.A1tn.
1434 192 1486 275 ll.
1581 222 1663 304 355

121 300 330 381 sumpserim,
352 300 382 362 bt
413 300 518 362 varias*
557 297 645 360 ariter
666 299 818 381 opiniones
838 297 898 361 Do·
979 300 1009 376 §.
1044 323 1073 378 9.
1104 300 1243 364 praterea
1272 302 1477 366 considerantes
1517 303 1586 385 sape
1613 308 1722 368 dictim

12 396 14 423 ¹
120 385 246 458 ssorum,
279 378 330 463 qui
358 379 494 443 anredirn
556 378 660 460 regorii
696 378 897 442 s’rredecessoris
937 381 1113 463 Gregorium
1137 381 1362 444 praedecessorem
1395 383 1426 443 in
1456 383 1501 445 sua
1533 386 1724 448 Constitutio-

119 479 242 528 nientem
263 460 359 542 quoad
381 481 513 524 nonnam
550 461 587 521 ab
616 458 677 542 ipso
707 458 901 543 prescriptam
922 481 978 522 ne
1003 462 1122 544 optimo
1142 463 1259 542 quidem
1282 463 1347 534 Jure
1368 460 1504 536 sanxisse,
1525 483 1557 528 us
1578 465 1630 526 soli
1653 466 1723 545 Epi-

120 540 272 625 recipiendi
295 541 499 622 probationes,
521 541 552 603 bt
586 539 756 623 procedendi
786 541 821 603 ad
854 541 901 604 de·
942 539 1041 624 scopi,
1065 542 1095 604 &
1119 561 1174 604 non
1197 541 1249 604 alii
1272 540 1422 626 Episcopis
1435 541 1597 617 inferiores,
1619 546 1723 608 etiam-

116 622 301 687 tlarationem
337 622 493 684 criminum
525 640 731 703 exceptorum,
763 620 899 704 interpre
941 622 1128 688 sianorum
1150 623 1297 685 Ordinarii
1321 624 1396 700 sint,
1429 640 1480 685 aut
1509 625 1613 687 nullius
1646 627 1724 688 Dior-

116 703 165 767 tari
197 700 380 779 voluerunt,
416 703 593 777 llaruimus,
626 703 837 784 precipimus,
867 704 898 765 δι
940 704 1033 779 cesis,
1064 722 1115 767 aiit
1145 702 1370 767 Conservatores
1399 725 1416 767 a
1454 706 1522 766 Sede
1557 706 1725 786 Aposlolica

113 783 284 848 mandamus
307 781 419 846 nullam
440 784 470 845 in
492 784 547 846 linc
567 782 602 845 de
621 799 719 847 cetero
740 782 838 848 baberi
859 804 901 846 ra·
944 782 1125 867 specialiter,
1149 785 1194 848 vel
1216 784 1385 866 generaliter
1413 784 1543 867 deputari
1574 785 1724 863 cognosce-

113 865 225 928 tionem
256 862 460 959 cujuscumque
493 863 739 947 interpretationis
779 863 902 939 ejusdem
944 886 996 939 re,
1018 865 1049 928 sa
1070 865 1210 928 declarare
1231 866 1365 938 ualeant,
1388 885 1424 926 an
1445 864 1564 940 delisia,
1589 886 1642 945 pro
1663 867 1725 944 qui·

116 944 303 1023 Gregorianie
324 944 566 1020 Conliitutionis,
598 963 661 1023 quae
681 966 698 1008 a
718 964 903 1027 quocumque
944 948 996 1008 biis
1018 946 1148 1043 Inquisiti
1182 947 1216 1008 ad
1247 946 1312 1007 loca
1341 946 1484 1009 immunia
1514 944 1724 1027 confugerunt,

116 1026 242 1104 Dqs’rore
261 1024 423 1107 prodierit,
446 1043 536 1105 neque
556 1026 654 1103 praxis
684 1046 701 1088 a
729 1026 903 1105 quibuslibet
944 1028 974 1089 δι
995 1027 1024 1088 in
1046 1048 1087 1090 eis
1108 1025 1134 1088 se
1155 1043 1338 1107 receperunt,
1362 1027 1415 1088 sint
1436 1048 1487 1089 nec
1509 1048 1545 1090 oe
1578 1026 1612 1089 de
1642 1048 1726 1107 gene·

115 1106 233 1179 Curiis,
254 1123 304 1167 aut
327 1104 533 1168 Tribuualibus
565 1106 700 1181 invem,
733 1106 827 1169 immo
849 1127 901 1169 nec
942 1129 989 1183 re,
1012 1128 1045 1169 ac
1074 1128 1195 1170 munero
1226 1106 1444 1190 exceptorum?
1476 1109 1541 1170 Nos
1575 1108 1726 1189 providam

138 1206 361 1268 uatumcumque
390 1185 616 1249 declarationum
656 1207 719 1269 quae
749 1188 785 1250 ab
818 1188 901 1260 liujus
942 1186 1080 1267 eiusmodi
1100 1186 1313 1270 dispositionem
1344 1189 1566 1269 approbantes,
1597 1190 1627 1248 δι
1658 1210 1726 1251 con-

114 1208 216 1332 bina
237 1267 327 1329 Urbis
346 1266 446 1329 noslrae
468 1265 693 1341 Tribunaiibus,
718 1266 774 1330 sive
807 1268 897 1331 etiam
940 1268 1106 1339 firmantes,
1127 1271 1210 1349 eique
1232 1270 1417 1341 inhaerentes,
1452 1285 1553 1341 motu,
1585 1268 1724 1343 scientia,

114 1370 134 1411 a
165 1346 398 1429 congregatione
432 1344 650 1411 venerabilium
681 1347 816 1409 Fratrum
848 1358 905 1411 uo‘
939 1368 973 1411 ac
995 1351 1142 1432 poteslatis
1163 1348 1339 1431 plenitudine
1359 1349 1513 1423 similibus,
1538 1368 1639 1413 tenore
1679 1371 1725 1413 rae-

112 1430 235 1493 sitorum
257 1429 287 1490 S.
321 1429 360 1489 R.
401 1427 438 1489 E.
474 1426 672 1490 Cardintiium
713 1427 899 1491 Immunitati
941 1428 1065 1493 sentium
1086 1429 1312 1511 quibuscumque
1335 1429 1576 1510 Magistratibus,
1606 1432 1636 1491 0
1669 1431 1726 1493 cia·

113 1507 317 1574 Ecclesiaflicae
338 1508 553 1603 proepofirorum
590 1509 799 1585 emanaverit,
831 1528 898 1588 qun
940 1508 1033 1582 libus,
1054 1513 1085 1575 &
1108 1510 1254 1573 Ministris
1274 1510 1478 1585 Saecularibus,
1501 1532 1551 1574 nec
1582 1533 1639 1574 non
1660 1513 1725 1593 qui-

111 1588 352 1732 tenuspiriesenti
387 1588 485 1652 nostrae
515 1589 723 1652 Conliitutioni
751 1588 897 1654 adversen·
938 1589 1035 1653 bustis
1054 1589 1120 1667 aliis
1148 1590 1276 1672 personis
1305 1590 1505 1670 cujuscumque
1537 1592 1665 1673 gradus,
1695 1593 1726 1654 δι

109 1690 183 1746 tur;
220 1669 253 1734 ed
277 1672 306 1732 in
327 1669 561 1743 occurrentibus,
586 1689 718 1733 normam
742 1670 789 1734 bic
809 1691 826 1732 a
846 1692 898 1733 no·
938 1668 1117 1734 conditionis
1150 1671 1290 1745 exislanr,
1322 1672 1431 1735 etiams
1465 1671 1640 1753 imperiali,
1670 1676 1725 1743 Re·

54 1752 158 1825 ⁵‚bis
187 1749 422 1837 praescribendam
458 1749 668 1815 inviolabiliter
696 1750 733 1812 ab
768 1748 906 1814 omnibus
945 1752 1012 1832 gia,
1036 1748 1160 1826 Ducali,
1195 1770 1244 1813 aut
1274 1751 1332 1813 alia
1364 1752 1468 1833 quavis
1499 1753 1643 1815 mundana
1674 1754 1725 1812 Di·

109 1832 263 1899 obseruari
285 1830 438 1906 volumus,
460 1829 662 1895 &sanctinus
717 1829 724 1839 '
965 1832 1076 1903 nitate,
1107 1849 1157 1894 aut
1186 1831 1357 1895 ausioritate
1387 1830 1596 1916 prasulgeant,
1633 1833 1726 1895 dislri·

24 1950 31 1969 .
116 1968 125 1979 ‚
151 1916 184 1993 §.
216 1912 247 1973 8.
277 1908 522 1985 Quotiescumque
552 1910 642 1975 iitur
675 1912 785 1974 Curia*
803 1911 902 1975 Ecnle-
942 1854 986 1974 ἐς
1008 1912 1223 1985 interdicimus,
1246 1933 1278 1973 ac
1301 1913 1485 1987 inhibemus,
1517 1936 1551 1976 ne
1580 1913 1725 1985 hujusmo

111 1994 225 2059 siasiica
244 2011 261 2051 a
281 1989 371 2052 Curia
399 1989 531 2053 Suculari
560 1932 646 2055 {ierit
678 1991 838 2072 requisita,
869 2010 903 2054 ut
942 1993 971 2054 cli
993 1993 1100 2067 cause,
1123 1993 1169 2056 vel
1189 1991 1369 2055 consciendo
1400 1993 1566 2076 processus,
1597 1994 1644 2058 vel
1678 1994 1735 2059 ln·-

107 2074 236 2135 Laicum
256 2068 386 2151 aliquem
408 2069 621 2152 delinquentem
652 2093 668 2134 e
698 2072 764 2137 loco
793 2072 902 2136 immu-
964 2073 1063 2135 uisitos
1085 2072 1260 2138 extrahendo
1291 2094 1308 2134 a
1338 2072 1409 2136 locis
1440 2074 1647 2149 immunibus,
1680 2074 1727 2151 vel

107 2150 306 2226 niextrihi,
327 2171 361 2213 ac
383 2149 427 2212 illi
449 2150 608 2233 confignari
629 2149 740 2227 saciat,
761 2152 901 2233 eaquesii·
941 2093 1112 2217 declarando
1133 2153 1256 2216 crimina
1276 2154 1313 2216 ab
1332 2152 1373 2215 eis
1393 2153 1513 2215 admissa
1543 2155 1594 2217 esse
1614 2156 1647 2218 de
1678 2178 1727 2218 ex·

102 2250 161 2316 per
184 2228 284 2294 delius
303 2232 416 2314 excepti
437 2231 598 2315 qualitate,
629 2253 662 2295 ac
691 2232 816 2313 personia
851 2233 902 2297 rei·
944 2234 1037 2316 ceptis
1059 2235 1088 2296 iii
1110 2235 1308 2316 Gregoriana,
1330 2252 1380 2297 aut
1416 2236 1443 2295 in
1474 2233 1602 2315 prasenti
1634 2237 1728 2297 noslra

105 2327 174 2375 tate
197 2308 428 2389 subministrata,
449 2311 499 2378 vel
519 2313 659 2395 acquisita
687 2315 742 2378 sint
776 2314 902 2388 indicia,
944 2315 1179 2389 Constitutione,
1202 2314 1262 2379 ullo
1293 2314 1376 2397 pasin
1405 2312 1461 2377 sese
1493 2316 1643 2396 ingerant,
1677 2333 1728 2377 aut

103 2413 176 2536 3ου
211 2392 249 2456 ad
280 2409 428 2476 capturam
459 2393 665 2458 deremendum
708 2392 832 2458 sufficere
849 2395 904 2457 ,vi-
946 2394 1148 2458 immisceant.
1171 2397 1256 2470 Quod
1280 2397 1299 2458 ss
1321 2394 1396 2458 secus
1416 2395 1572 2476 quidquam
1604 2413 1728 2458 attenta·

125 2490 254 2544 tantm,
276 2490 345 2537 tunc
375 2475 466 2537 Curia
497 2473 607 2539 Eccles.
638 2476 673 2539 ad
705 2475 827 2548 eiusdem
858 2474 904 2538 de·
945 2496 974 2539 re
996 2474 1239 2558 presumpserint,
1262 2499 1297 2541 ex
1319 2496 1394 2538 nunc
1422 2476 1524 2539 omnia
1554 2477 1582 2536 in
1613 2492 1728 2537 contra·

101 2551 275 2635 linquentis
313 2554 519 2618 extraslioneiit
554 2556 591 2617 ab
623 2556 774 2630 Ecclesia,
806 2554 907 2619 aliisve
947 2558 1022 2618 rium
1068 2555 1253 2619 remissorum
1275 2557 1398 2638 gerenda
1419 2556 1518 2632 irrita,
1550 2557 1579 2619 &
1611 2555 1728 2628 inania,

101 2635 184 2703 iocis
210 2633 390 2698 immunibus
410 2654 485 2715 ope,
505 2656 541 2698 ac
561 2637 659 2700 merliu
694 2634 807 2699 suorum
831 2635 905 2697 Eire-
947 2575 1108 2716 nulliusiiue
1130 2635 1257 2711 roboris,
1280 2636 1325 2700 vel
1349 2636 1492 2698 momenti
1525 2650 1663 2718 perpetuo
1684 2634 1727 2698 so·

102 2732 271 2789 cutorum,
294 2715 453 2794 implorato
473 2716 582 2794 etiam,
603 2733 744 2800 quatenus
763 2716 902 2799 opusst,
944 2738 1000 2790 re,
1033 2715 1163 2801 ipsosque
1192 2732 1368 2781 attentantes
1397 2714 1570 2791 Censores,
1597 2717 1628 2779 δι
1658 2716 1730 2779 alias

98 2794 228 2861 brachii
250 2796 395 2859 Sucularis
416 2796 545 2873 auxilio,
577 2799 608 2861 δι
639 2818 707 2861 ιιιιιι
737 2797 904 2859 interventu
945 2818 1045 2873 poenas
1065 2820 1082 2859 a
1103 2797 1195 2859 Sacris
1228 2796 1416 2869 Curionibus,
1446 2800 1477 2862 δι
1506 2795 1731 2859 Conliitutioni·
1853 2862 1857 2869 .

99 2872 244 2960 personis
266 2876 468 2939 Ecclesiasticae
489 2877 525 2939 ab
548 2876 695 2959 Episcopo
716 2875 905 2957 deputanda,
948 2879 1000 2939 bria
1020 2877 1196 2954 Aposlolicis
1217 2877 1349 2939 adversus
1379 2898 1445 2955 eos,
1476 2877 1527 2953 qui
1558 2876 1731 2948 lurisdibiio·

95 2956 267 3040 procedere
287 2971 436 3027 teneatur,
460 2956 678 3039 extractumque
698 2956 732 3017 ad
755 2953 819 3017 suos
836 2953 907 3016 Car·
949 2976 1015 3019 nem
1040 2956 1264 3017 Ecclesiasticum
1285 2975 1404 3037 quoquo
1433 2957 1521 3017 modo
1552 2955 1674 3032 laedunt,
1697 2977 1732 3019 ac

96 3057 191 3099 ceres
214 3034 374 3116 asportari,
395 3055 429 3096 ac
451 3036 491 3097 ibi
513 3032 564 3098 sub
585 3053 650 3099 tuta
677 3033 804 3099 custodia
833 3033 905 3097 deti·
947 3037 1084 3109 violant,
1107 3035 1230 3098 inslisias
1252 3034 1392 3098 incurrere
1413 3034 1607 3110 decernimus,
1630 3036 1660 3096 &
1680 3036 1728 3097 de·

97 3115 174 3179 iteri
198 3131 303 3187 curer,
322 3114 352 3176 δι
380 3112 491 3177 faciat.
523 3115 583 3180 Ubi
613 3136 684 3181 vero
711 3138 744 3180 ex
777 3115 906 3180 Processu
946 3117 1105 3179 claramus:
1130 3117 1278 3191 volentes,
1309 3115 1515 3190 intendentes,
1546 3137 1578 3177 ac
1608 3116 1732 3198 expresse

96 3193 316 3257 informativo
334 3193 452 3278 desuper
473 3195 654 3261 conficiendo
675 3196 829 3262 consletde
847 3197 901 3259 cri·
945 3199 1135 3271 mandantes,
1157 3198 1234 3280 quod
1255 3196 1427 3259 omnimoda
1460 3196 1608 3277 cognitio,
1644 3212 1730 3276 atque

94 3277 196 3340 mine
228 3291 367 3357 excepto,
398 3296 431 3338 ac
465 3275 579 3360 insuper
608 3276 738 3341 adversus
767 3277 901 3340 eumdem
944 3274 1084 3355 judicium
1104 3278 1139 3339 cle
1160 3277 1328 3340 criminibus
1351 3276 1380 3335 iu
1401 3274 1583 3357 Gregoriana
1616 3276 1728 3338 Conlii-

95 3356 298 3429 extraslum,
322 3355 393 3419 talia
414 3354 549 3422 resultent
571 3358 693 3432 indicia,
729 3374 760 3419 ut
791 3357 902 3420 crimen
943 3359 1060 3423 tutione
1079 3357 1225 3441 exceptis,
1247 3357 1277 3419 &
1308 3378 1325 3419 a
1356 3357 1452 3420 Nubis
1482 3355 1608 3440 superins
1636 3356 1730 3436 expli-

95 3440 141 3501 ab
166 3456 211 3500 eo
242 3436 321 3501 fuisse
351 3455 499 3521 patratum
533 3437 683 3502 moraliter
710 3435 785 3501 credi
815 3435 903 3521 pollis
943 3440 1036 3515 catis,
1059 3455 1122 3502 tum
1145 3437 1234 3503 etiam
1264 3437 1298 3501 de
1330 3436 1413 3511 aliis,
1444 3457 1508 3515 quae
1540 3438 1567 3497 in
1600 3435 1731 3518 prasenti

91 3518 479 3663 {massiliis
496 3523 578 3678 lii
597 3516 718 3663 ,silli
744 3518 823 3663 lli
854 3538 907 3661 li:
948 3518 1288 3664 iiiiiilillll‘
1313 3517 1571 3676 {lililltui‘
1603 3515 1733 3659 lili?

1283 3640 1291 3669 ‚
1719 3633 1731 3646 .

94 3677 211 3742 satum
247 3680 418 3743 Extraslum
449 3681 624 3756 Minisiris,
659 3683 690 3745 δι
722 3618 905 3744 officiallbis
945 3620 1053 3754 sertui,
1076 3677 1251 3752 adjecimus,
1275 3678 1305 3739 δι
1326 3680 1516 3759 excepimus,
1548 3641 1582 3739 ad
1613 3616 1730 3758 Epicn-

91 3759 212 3823 Curiae
234 3760 383 3824 secularis
403 3764 531 3839 tradere,
554 3765 585 3827 &
614 3763 778 3844 consignare
799 3759 903 3842 possit,
946 3782 999 3846 pos
1020 3777 1136 3823 tantum
1159 3757 1306 3841 privative
1325 3759 1421 3838 quoad
1441 3778 1543 3821 omnes
1557 3757 1647 3829 alins,
1671 3777 1733 3840 per·

93 3862 132 3904 ac
174 3839 305 3916 debeat,
344 3841 443 3906 cirasia
476 3861 597 3918 tamen,
629 3862 798 3921 receptaque
827 3840 906 3923 prius
946 3860 1034 3927 petuo
1057 3838 1177 3919 speses,
1201 3856 1287 3917 atque
1316 3836 1441 3920 spcsltre
1472 3840 1591 3902 debeat:
1622 3838 1652 3898 δι
1682 3840 1734 3899 do·

91 3921 137 3985 ab
163 3920 244 4004 ipsis
264 3923 445 4004 obligatione
467 3923 613 3987 informa
640 3925 716 3996 lutis
745 3921 843 3987 valida
864 3943 904 3987 re-
947 3945 999 3987 nec
1022 3922 1073 4004 ipsi
1096 3921 1123 3983 iii
1146 3918 1360 3983 occurrentibus
1389 3921 1495 3984 casibus
1526 3918 1734 3982 declaraverint

90 4002 253 4069 fliiuendi
287 4004 459 4070 Extrasium
493 4004 622 4068 Ecclesia
651 4003 701 4068 snb
742 4025 829 4101 piena
859 4024 906 4067 ex·
948 4002 1083 4068 delisium
1106 4000 1158 4065 ess'e
1179 3999 1213 4063 de
1234 4000 1381 4097 exceptis,
1405 4003 1435 4063 &
1465 4016 1559 4063 cetera
1588 3998 1689 4061 omnia
1716 4018 1735 4060 a

90 4085 395 4153 communicationis
419 4084 485 4151 latae
506 4084 650 4151 sententia
670 4087 783 4157 Nobis,
807 4104 907 4164 acpro
949 4085 1047 4147 Nobis
1070 4082 1098 4145 su
1136 4082 1194 4145 rius
1223 4081 1378 4143 consiituta
1406 4080 1654 4164 adimpleverint,
1685 4078 1734 4141 ln·

88 4183 253 4250 tempore
273 4167 405 4230 exilienti
427 4170 565 4230 Romano
587 4166 721 4230 Pontifici
746 4164 909 4241 reservata,
953 4165 1073 4247 qaistos
1121 4162 1242 4236 eclesia,
1273 4161 1319 4225 vel
1349 4160 1468 4225 alterius
1501 4161 1555 4223 loci
1588 4159 1666 4222 Sacri
1699 4159 1736 4222 ad

87 4262 263 4326 quatenus
283 4247 359 4312 iderti
382 4250 536 4312 Eustasius
557 4248 664 4311 indicia
693 4266 796 4311 contra
817 4244 910 4328 ipsum
953 4262 1039 4323 quem
1061 4242 1268 4325 confugerunt,
1302 4243 1487 4307 immunitate
1515 4242 1635 4323 gaudere
1667 4255 1736 4301 tuto

88 4328 308 4406 aequisita-in
334 4327 388 4393 sis
409 4329 615 4393 defensionibus
649 4345 771 4412 purget,
802 4348 836 4388 ac
866 4330 909 4391 ‹li-
950 4329 1070 4400 debete,
1091 4346 1124 4387 ac
1146 4325 1174 4385 in
1210 4344 1243 4385 ea
1273 4322 1509 4396 conservandos,
1542 4325 1572 4386 δι
1604 4336 1734 4382 manute-

88 4407 202 4470 luat.
231 4410 317 4483 Quod
339 4352 414 4474 dea
436 4412 559 4473 minime
590 4411 775 4494 purgaverit,
809 4410 840 4472 δι
860 4432 909 4472 ve·
951 4407 1058 4471 nendos
1078 4408 1129 4472 elle
1150 4403 1319 4480 statuimus,
1351 4403 1560 4487 praecipimus,
1593 4402 1623 4462 &
1654 4419 1735 4459 man-

86 4509 133 4553 τε
158 4487 340 4571 delinquens
361 4510 489 4576 repertus
510 4491 619 4563 suerit,
651 4492 747 4553 Coria
776 4490 909 4552 Seculari
952 4491 1076 4552 damus.
1137 4518 1143 4533 ι
1543 4512 1544 4521 ’

87 4570 128 4633 in
161 4566 272 4651 ipsum
294 4571 345 4633 tali
374 4571 456 4647 casu,
488 4591 520 4636 ut
556 4572 632 4644 Iuris
663 4573 716 4637 esse
750 4569 909 4648 censuerit,
990 4571 1020 4645 §.
1045 4591 1092 4631 io.
1113 4564 1270 4631 Universos
1299 4567 1434 4638 demum,
1467 4565 1498 4627 ἅ
1528 4560 1649 4644 singulos
1675 4559 1735 4620 Ve-

90 4660 224 4736 ΨΜ,
248 4667 335 4735 &tque
355 4653 504 4737 procedere
525 4653 634 4718 liceat.
950 4649 1090 4715 natabiles
1111 4651 1225 4715 Fratres
1256 4650 1381 4787 nollrosZ
1394 4646 1592 4718 Patriarchas,
1626 4638 1734 4784 lzrisma-

1424 4746 1441 4786 2
1649 4742 1696 4796 e,
