3959 5259
74 274 103 313 m
120 250 211 332 June,
241 243 290 323 qui
311 226 498 391 ptffatandis
512 115 600 288 ccibit
628 106 748 286 >timidi
773 216 829 297 Jsu-
874 110 1031 301 nitrosus
1054 108 1288 280 elidentem.
1303 220 1332 282 8.
1354 222 1388 282 n·
1405 222 1466 300 esec
1479 142 1661 302 sciniicisizee

74 356 121 394 tm
140 321 298 395 adhibent,
320 321 350 380 in
372 317 433 377 uita
462 306 647 372 decessionum
665 326 764 386 genera
785 321 830 363 eet·
867 300 987 379 fratrem
1008 320 1119 372 meum,
1141 320 1192 361 nnn
1213 298 1383 362 manducabo
1403 323 1511 364 carnem
1532 309 1563 368 in
1582 326 1659 370 aem.

74 417 207 480 vicantes,
230 399 308 464 modo
329 396 446 468 mollia,
467 389 547 451 modo
566 388 656 462 duta,
677 383 756 447 modo
775 381 830 446 cal·
872 404 958 454 num,
980 402 1014 442 ne
1028 380 1147 456 fratrem
1168 403 1256 440 meum
1270 380 1485 459 scandalizem·
1518 366 1658 452 Ilbeita}

74 477 121 566 la,
146 483 227 548 modo
248 480 341 554 cosia,
365 471 442 540 mode
463 468 699 551 affudesrderanc,
722 467 830 529 &ran-
873 462 955 524 tione
976 459 1073 543 gravis
1094 460 1263 522 nocumenti
1292 462 1446 542 corporis,
1479 480 1513 527 ut
1541 467 1591 549 qui
1622 491 1659 534 ex

87 562 273 650 solicitudine
299 572 513 646 preparantur,
543 572 577 614 ne
606 549 746 611 devoratis
770 549 834 629 jam
873 541 968 604 nimia
998 539 1229 616 comessatione,
1259 540 1290 601 δι
1320 542 1470 622 potatione
1500 547 1657 628 providet,

74 670 173 723 atuor,
197 663 247 708 aut
267 643 387 726 quinque
401 635 519 717 ferculis
542 635 639 718 prima
668 654 720 692 non
750 631 832 710 impe·
874 639 923 687 aut
966 621 1101 686 raevidere
1122 620 1205 684 debet
1226 621 1437 684 contrasiurum
1470 622 1496 686 se
1525 628 1662 693 morbum
1680 651 1712 680 κ

74 749 117 795 me
139 728 306 806 novtffima,
322 727 431 806 [emper
449 738 532 779 novos
553 716 662 796 sapores
681 708 834 786 deſsderant
874 644 1052 777 notabilem,
1076 716 1110 764 ut
1130 701 1208 764 enirn
1230 699 1338 763 dicitur
1359 701 1509 780 Ecclesiasi.
1534 713 1659 782 ³an

74 814 121 874 iar
137 811 324 890 feminarum
338 801 540 886 pregnantium
562 835 640 857 ....
662 792 701 853 ed
720 793 832 853 irritan·
868 804 932 870 pter
961 782 1102 866 crapulam
1131 782 1216 843 multi
1247 784 1413 864 petierunt'.
1449 784 1506 845 lv,
1534 780 1663 853 Ratione

74 919 104 958 m
126 912 224 956 autem
245 887 350 950 Gulam
370 882 428 945 baec
442 876 536 955 fiune,
557 898 608 939 non
627 873 666 934 ad
679 871 830 953 seesiencan-
871 864 968 949 gravis
989 862 1160 928 nocumenti
1180 861 1302 938 animae,
1325 863 1357 925 δι
1377 883 1444 927 cum
1498 864 1541 929 uis
1561 871 1662 934 adver-

74 1002 104 1040 m
126 992 282 1045 naturam,
303 968 343 1028 ad
361 961 531 1026 aviditatem
565 957 746 1040 explendam,
778 977 831 1016 non
871 948 910 1012 tit
932 969 967 1011 ex
988 945 1082 1007 nimia
1102 942 1330 1084 ingurgitatione
1352 943 1400 1006 fibi
1421 883 1530 1007 cauiari
1560 969 1663 1028 graves

97 1048 352 1131 neceffitetem'lup
369 1043 496 1108 lendum.
873 1027 993 1092 morbos
1014 1024 1137 1088 sibidino
1151 1045 1201 1098 os,
1236 1023 1341 1106 quibus
1369 1023 1512 1089 ordinarie
1542 1026 1662 1092 consen-

82 1135 188 1208 Gnle,
213 1126 399 1202 comessatio,
421 1119 536 1207 potatio
570 1116 715 1181 ordinarie
735 1111 833 1199 perse
874 1111 930 1173 tire
962 1105 1054 1171 solet.
1086 1105 1127 1167 V.
1160 1103 1287 1167 Ratione
1321 1104 1503 1187 impotentiae
1532 1104 1664 1172 servandi

74 1244 76 1280 ;
111 1213 209 1279 solum
242 1224 389 1295 peccatum
421 1200 563 1274 reniale,
595 1200 665 1279 quia
693 1196 834 1259 nimirum
876 1204 1020 1335 praecepta
1040 1185 1168 1267 graviter
1187 1184 1368 1266 obligantia,
1390 1203 1424 1250 ut
1457 1184 1586 1250 solvendi
1615 1189 1662 1253 de·

76 1297 168 1362 cessus
190 1312 249 1357 non
272 1286 398 1355 enormis
418 1283 447 1345 in
468 1303 499 1345 re
534 1279 604 1342 alias
636 1275 843 1354 indifferenti,
897 1272 960 1347 ita,
992 1267 1085 1331 alendi
1120 1263 1282 1340 familiam,
1316 1266 1442 1330 studendi
1484 1267 1514 1327 in
1545 1267 1666 1346 Iudice,

75 1381 85 1440 l
110 1375 225 1450 licita,
238 1369 348 1435 nonnisi
381 1361 504 1432 venialis
535 1361 619 1442 culpa
649 1358 706 1420 esi.
739 1355 835 1418 sies,
877 1367 926 1414 aut
949 1349 1125 1422 Advocato,
1146 1346 1261 1409 ubi'res
1281 1364 1384 1428 urget,
1416 1347 1447 1409 δι
1476 1346 1662 1420 hujusmodi.

75 1457 228 1540 ugosiinus
243 1453 327 1531 snm·
349 1470 381 1525 4.
400 1450 430 1509 in
450 1444 498 1505 die
517 1446 684 1504 Animarum
707 1456 833 1499 tom.1o.
878 1432 937 1492 VI.
960 1428 1088 1494 Ratione
1107 1426 1207 1490 ultimi
1229 1425 1295 1490 sinis
1336 1426 1400 1490 osni
1422 1426 1450 1488 in
1485 1427 1568 1491 cuitu
1596 1452 1668 1495 ven·

74 1542 93 1602 n
115 1539 183 1600 ait:
208 1536 325 1616 Quoties
343 1530 447 1610 aliquis
474 1529 505 1586 in
526 1523 605 1597 cibo,
626 1539 675 1583 auc
690 1535 757 1601 potu
774 1517 840 1599 psus
880 1511 951 1584 tris,
974 1527 1009 1572 ut
1029 1507 1173 1571 faciebant
1194 1505 1266 1576 olim
1326 1507 1463 1592 picurei,
1496 1507 1530 1572 de
1561 1510 1666 1590 quibus
1713 1495 1716 1500 ¹

74 1620 148 1700 cipit
170 1639 258 1698 quem
279 1612 378 1693 neeeffe
394 1608 452 1685 fit,
473 1602 512 1666 ad
532 1607 762 1684 minutapeccatc
777 1613 838 1679 pet·
880 1589 1038 1674 Apostolus
1057 1588 1096 1649 ad
1115 1588 1288 1670 philippens.
1303 1587 1433 1671 30dicit:
1488 1612 1581 1652 uorum
1591 1596 1666 1654 Deus

74 1721 134 1764 nete
155 1700 287 1771 noverit,
309 1694 341 1756 dt
360 1693 389 1755 S.
408 1686 542 1750 Thomas
565 1706 592 1747 2.
615 1705 642 1745 2.
663 1682 754 1762 quusi.
772 1676 839 1754 148.
880 1689 976 1733 venter
995 1668 1032 1746 esi
1041 1693 1054 1742 ‚·
1077 1669 1108 1731 δι
1127 1669 1166 1730 ad
1187 1674 1304 1733 Romen.
1330 1674 1377 1733 16.
1409 1666 1480 1729 chri
1502 1695 1517 1731 o
1545 1673 1665 1735 Domino

74 1805 101 1845 e.
125 1801 154 1841 2.
178 1780 215 1841 stc
237 1774 329 1839 dicit:
352 1776 383 1836 Si
402 1789 467 1830 vero
488 1770 518 1830 in
547 1769 621 1828 vitio
652 1764 728 1822 Gulae
757 1757 836 1820 intel·
880 1750 965 1829 nostro
984 1773 1036 1812 non
1052 1751 1275 1830 serviunt,sed
1288 1751 1340 1831 suo
1359 1753 1470 1812 ventri.

74 1880 153 1948 gatus
173 1857 341 1922 inordinatio
360 1874 441 1914 conen
459 1850 578 1926 ostende
607 1861 714 1903 centnm
738 1841 834 1918 secun·
918 1829 1061 1894 lilicitum
1084 1832 1122 1895 esi
1142 1831 1309 1907 comedere,
1331 1832 1361 1893 δι
1390 1829 1485 1894 bibere
1514 1829 1600 1912 usque
1630 1834 1665 1896 ad
1689 1856 1725 1898 ιφ

74 1965 115 2004 ,m
136 1962 187 2010 ea,
208 1957 268 2017 qnae
282 1935 352 2012 sune
371 1927 411 1991 ad
424 1866 535 2005 duem,
557 1940 647 2007 utpote
685 1923 734 1983 nia
753 1919 837 1984 nimir
878 1911 1041 1976 satietatem
1063 1911 1101 1974 ob
1123 1909 1213 1973 solam
1244 1913 1447 1993 voluptatem.
1479 1911 1666 1978 innocentius

74 2019 213 2101 neuprseit
233 2012 423 2077 deleslationet
443 2006 580 2073 ciborum.
594 2049 622 2068 ..
644 1947 685 2082 esi
694 2016 837 2086 peccatum
878 1994 956 2055 enirn
977 1992 1034 2053 x1.
1055 1991 1101 2052 die
1124 2011 1151 2052 2.
1162 1993 1241 2053 Maii
1264 1995 1350 2069 1679.
1373 1993 1495 2073 expresse
1514 1992 1667 2059 damnavit

74 2100 183 2165 eniole.
215 2097 271 2162 Per
300 2092 430 2157 accidens
459 2106 558 2154 tamen
596 2085 688 2170 potesi
719 2082 839 2146 evadere
880 2074 1045 2155 sequentem
1055 2071 1291 2214 propositionem
1315 2071 1390 2133 inter
1409 2071 1482 2134 alias
1515 2072 1614 2139 ordine
1633 2075 1664 2137 8.

74 2200 199 2250 occatum
240 2175 364 2240 mortale
398 2169 621 2252 multipliciter.
654 2165 680 2226 1.
711 2163 837 2226 Ratione
873 2155 948 2317 jd)
970 2160 1137 2227 connecte,
1159 2149 1666 2231 &bibetcusqueadsatictatemnb
1755 2146 1762 2154 ⁸

74 2261 177 2328 tormis
197 2258 336 2333 excessus,
358 2255 389 2317 δι
409 2249 604 2315 deformitatis
624 2263 726 2310 contra
745 2244 837 2308 virtu-
894 2236 965 2297 olom
985 2235 1155 2318 voluptatem
1176 2257 1229 2294 non
1258 2233 1294 2312 esi
1316 2249 1478 2315 peccatum,
1510 2225 1588 2308 modo
1617 2259 1670 2298 non

74 2367 111 2408 em
133 2338 351 2424 temperantia,
372 2355 430 2416 qua
450 2332 542 2396 homo
552 2331 655 2393 siarum
678 2344 786 2388 naturae
795 2343 837 2385 ra·
880 2316 948 2393 obstr
967 2316 1143 2391 valetudini,
1166 2318 1232 2394 qnia
1252 2316 1329 2376 licite
1345 2311 1667 2396 potesiappetitusnatn·

76 2424 170 2492 onaiis
191 2419 371 2493 enormiter,
393 2415 424 2477 δι
445 2411 586 2478 horrende
604 2407 838 2489 (a)deturpat,
880 2400 948 2460 calis
962 2399 1026 2477 setis
1045 2396 1153 2458 asiibus
1166 2396 1247 2472 frui.
1269 2392 1328 2457 Hic
1349 2393 1383 2454 ad
1405 2395 1547 2455 damnatae
1558 2413 1667 2477 propo·
1692 2418 1726 2465 11

74 2507 199 2578 ianime,
221 2502 271 2583 qui
294 2497 430 2569 scienter,
461 2494 491 2556 δι
525 2489 669 2556 ordinarie
699 2485 726 2548 se
756 2484 840 2546 insat·
881 2477 998 2542 fitionis
1016 2475 1243 2559 intelligentiam
1265 2476 1304 2538 est
1335 2473 1669 2556 advertendum‚'qu0d

74 2595 113 2664 ssr,
134 2588 165 2649 δι
187 2581 345 2665 ingurgitat
366 2574 452 2655 usque
482 2573 517 2634 ad
548 2569 717 2640 vomitum,
740 2561 838 2702 &spui
881 2557 998 2621 satietas
1018 2558 1111 2650 potest
1132 2556 1189 2618 duo
1209 2554 1383 2638 significare,
1404 2553 1451 2618 vel
1461 2553 1668 2618 comestionem

74 2693 82 2731 r
107 2665 254 2752 propofito
277 2655 428 2731 comesset,
464 2653 496 2715 δι
526 2665 611 2735 potat
643 2648 671 2709 in
708 2665 775 2709 erce
800 2664 837 2715 u,
879 2638 911 2701 ἃ
931 2653 1115 2720 potattonem
1137 2634 1244 2710 talem,
1266 2632 1534 2730 quasatisfitsami,
1558 2635 1641 2697 &siti
1657 2658 1667 2708 ;

74 2761 226 2816 rvomat3
247 2741 314 2805 tasis
334 2737 412 2801 enim
447 2732 558 2807 Gula,
589 2725 774 2800 comessatio,
809 2723 841 2785 dt
881 2718 928 2782 ves
960 2717 1069 2793 talem,
1100 2735 1163 2799 quae
1193 2714 1245 2778 siat
1274 2736 1304 2776 tn
1336 2713 1440 2786 majori
1471 2714 1668 2794 quantitate,

74 2827 167 2894 ntatio
187 2823 226 2885 od
248 2828 366 2884 Romen.
393 2837 439 2897 ¹3·
462 2813 556 2875 Galat.
569 2832 595 2891 5.
620 2830 647 2871 ι.
670 2811 747 2867 Petr.
758 2827 788 2881 4.
802 2803 842 2864 (r
882 2819 969 2880 quam
994 2798 1120 2880 requirat
1142 2779 1326 2859 sustentatio.
1349 2793 1379 2857 Si
1414 2791 1543 2858 sumatur
1572 2794 1669 2876 ptimo

74 2939 78 2968 t
104 2902 321 2989 fprflolajndae
340 2917 429 2962 nat.
454 2895 530 2958 inter
551 2905 668 2973 peccata
704 2882 842 2974 mortalia
883 2880 992 2953 modo,
1014 2876 1216 2942 comedere&
1245 2873 1341 2938 bibere
1375 2872 1461 3012 usgue
1491 2874 1527 2935 ad
1556 2872 1670 2937 satieta-

74 3003 258 3053 numeratur.
280 2975 472 3051 IseRatione
503 2969 645 3041 scandali,
667 2963 740 3025 dicit
762 2981 842 3022 eorm
884 2975 946 3020 tem
969 2956 1080 3018 nullum
1103 2957 1141 3019 eu
1162 2953 1374 3035 peccatum,s1
1421 2953 1530 3016 ecuudo
1559 2957 1667 3034 modo,

1593 3034 1632 3095 est
1675 3059 1679 3063 ·

98 3148 165 3226 (a)
187 3145 234 3206 Ne
256 3137 320 3220 quis
342 3138 371 3199 in
393 3151 517 3196 errorem
541 3128 690 3190 inducatur
711 3119 807 3186 verbis
828 3116 887 3180 iliis
907 3119 1049 3179 enormiter
1069 3112 1264 3188 (rhenense,
1295 3109 1506 3194 quasaxiorem
1528 3101 1674 3194 sanepr'n·

74 3225 154 3290 :serre
167 3222 310 3358 ¹videntarpg
330 3212 531 3293 theologiam,
554 3209 629 3288 legat
649 3206 678 3266 S.
701 3201 802 3263 Tne.
819 3219 845 3260 2.
858 3218 888 3278 q.
902 3198 969 3274 148,
980 3197 1137 3260 nonnullos
1156 3213 1214 3276 prae
1235 3193 1326 3267 alios,
1348 3190 1398 3272 qui
1435 3190 1470 3252 de
1492 3191 1574 3254 rebus
1608 3212 1671 3255 mo·

74 3305 166 3368 aiibus
208 3314 265 3362 ertr
312 3308 418 3357 arunt.
798 3285 804 3298 ⁴

97 3383 164 3465 (b)
187 3322 266 3445 insece
286 3381 368 3437 Rom.
391 3369 541 3451 Theologi.
566 3365 711 3427 Damnata
731 3358 769 3421 ab
792 3358 893 3421 innoc.
916 3356 971 3415 XI.
996 3351 1154 3436 propofitio
1175 3372 1210 3415 eo
1230 3350 1346 3414 videtur
1366 3351 1495 3433 exposita
1503 3349 1623 3414 confilio
1634 3352 1671 3414 ab

74 3464 182 3534 rudore
205 3461 317 3532 nosito,
340 3473 374 3518 ut
395 3451 509 3514 sicitum
533 3445 583 3510 esse
604 3444 677 3508 velit
699 3439 845 3503 intendere
867 3434 1107 3506 desesiationem,
1130 3442 1193 3513 qud
1212 3433 1325 3514 capitur
1347 3452 1381 3494 ert
1403 3431 1508 3493 cibo&
1520 3449 1669 3512 potumo·

76 3564 157 3609 erato
169 3566 177 3615 3
198 3533 442 3623 quemadmodum
463 3553 490 3594 a.
503 3526 674 3597 Sancbesro,
695 3519 871 3593 Escobario,
893 3515 1010 3598 Moya,
1032 3511 1151 3594 aliisque
1172 3511 1386 3594 benignioribus
1419 3508 1582 3591 Theologss
1602 3529 1669 3595 pro-

74 3641 217 3707 ugnatut.
238 3620 315 3682 Cum
338 3615 426 3681 solam
449 3611 506 3674 cibi
528 3608 574 3673 ves
597 3601 903 3690 potuslquantitatem
928 3593 1067 3678 respicere
1088 3593 1316 3674 propositionem
1339 3592 1421 3652 issam
1432 3592 1607 3667 contendat,
1629 3591 1671 3652 sa·

74 3707 112 3769 ise
133 3704 169 3768 est
190 3698 367 3781 intelligere,
391 3691 555 3757 Ferrarium
579 3688 704 3750 nostrum
726 3679 839 3764 opinari
862 3676 1057 3760 improbatam
1079 3693 1097 3733 a
1118 3672 1241 3734 Summo
1263 3670 1669 3735 Pontificenonerredeseoa.

74 3788 188 3860 ionem,
214 3779 299 3844 'uam
342 3798 373 3839 ro
393 3773 448 3837 fine
469 3772 573 3834 babeat
593 3765 702 3831 ultimo
724 3760 895 3832 comedens,
918 3757 949 3818 ἃ
970 3753 1070 3815 bibens
1090 3753 1126 3814 ad
1149 3749 1331 3814 satietatem.
1353 3752 1404 3813 Sed
1424 3750 1489 3831 quis
1508 3771 1589 3831 aequo
1611 3749 1671 3812 ani.

74 3889 109 3930 no
133 3865 202 3929 serat
244 3882 298 3923 ane
321 3847 613 3939 rotetpretationemi
636 3843 783 3924 Voluptas
804 3840 886 3911 sane,
908 3832 1043 3916 &sapor
1064 3831 1121 3895 cibi
1143 3831 1174 3894 &
1194 3848 1280 3924 potus
1290 3849 1440 3912 peccatum
1452 3851 1510 3894 non
1521 3833 1578 3907 esi,
1601 3831 1672 3912 quia

753 3927 807 4064 iget
826 3917 977 3995 infirmitas
998 3916 1130 3997 corporis,
1161 3928 1256 3992 rnqurt
1289 3912 1409 3992 August.
1431 3910 1483 3972 lib.
1508 3934 1537 3988 4.
1568 3929 1672 3975 contra

76 3975 111 4010 on
128 3946 216 4028 solum
238 3940 316 4016 cibo,
334 3937 386 4017 secl
406 3939 490 4033 etiam
510 3930 566 3994 cibi
581 3931 679 4010 sapore
699 3924 761 4018 incl·

75 4030 166 4093 usian.
186 4043 306 4108 cap.r4.
328 4021 373 4083 sed
394 4039 444 4099 qut
465 4012 660 4084 manducant,
683 4005 714 4067 ἃ
735 4004 763 4063 br
785 4016 837 4064 unt
857 3997 896 4060 ob
916 3994 1008 4058 sosant
1042 3993 1245 4075 voluptatem,
1279 3989 1387 4075 semper
1418 4008 1537 4074 peccant
1569 3990 1672 4055 saltent

74 4109 232 4178 ieniasiter3
254 4123 321 4166 narn
344 4096 524 4161 inordinatus
544 4110 612 4155 tunc
633 4088 672 4151 est
692 4103 792 4147 eorum
816 4077 962 4162 appetitus
983 4094 1042 4157 quo
1063 4072 1196 4138 fruuntur
1217 4071 1348 4149 utendis,
1372 4071 1492 4155 ideoque
1519 4089 1672 4155 peccatum

74 4191 153 4272 gulae,
175 4192 256 4262 juxta
276 4181 415 4247 traditam
439 4173 656 4239 definitionem.
678 4164 824 4229 Audiatur
845 4163 874 4222 S.
896 4156 1007 4220 Thom.
1021 4175 1047 4215 2.
1062 4177 1090 4217 2.
1111 4176 1158 4237 qu.
1182 4156 1533 4232 montarcenne,
1556 4153 1585 4216 in
1609 4154 1671 4228 uit,

74 4272 133 4350 gule
152 4267 256 4341 dediti,
278 4264 372 4326 ventri
386 4261 454 4339 suo,
479 4273 610 4335 tanquam
629 4250 729 4309 ultimo
743 4242 801 4320 fini
816 4238 1009 4320 famulantur,
1030 4253 1062 4296 ut
1083 4236 1174 4299 Rom.
1184 4256 1256 4298 rvr.
1267 4238 1311 4296 ait
1320 4232 1460 4317 Apostolus
1468 4257 1484 4307 ,·
1503 4175 1675 4316 Pirejusmode‘

74 4357 139 4411 ’nim
159 4348 262 4426 Christo
282 4346 402 4407 Domino
422 4338 504 4417 nosset
524 4359 575 4398 non
589 4334 738 4413 serviunt,
755 4322 809 4420 [ed
827 4322 938 4383 ventri.
969 4323 1040 4379 Item
1073 4316 1111 4377 ad
1141 4314 1306 4397 Philippeo.
1345 4335 1411 4378 111.
1440 4320 1567 4398 ,Quorum
1598 4317 1673 4376 Deus

74 4448 161 4493 venter
179 4431 229 4508 ess.
250 4429 282 4489 ri
302 4448 367 4488 vero
387 4424 417 4483 in
437 4419 511 4480 nitio
529 4415 619 4497 guse,
642 4407 735 4471 subdit
754 4404 831 4468 idem
843 4399 971 4476 Dostor,
993 4397 1169 4479 intelligatur
1187 4397 1353 4458 inordinatio
1373 4397 1611 4478 concupiscentie,
1626 4394 1674 4471 se·

74 4510 183 4576 cundum
202 4531 252 4584 ea,
272 4531 330 4589 qne
345 4508 412 4586 fient
432 4499 471 4561 ad
484 4497 591 4575 finem,
613 4507 705 4636 appete
724 4491 793 4569 qnia
813 4479 897 4547 nimis
916 4481 1081 4561 concupiscit
1102 4478 1305 4540 deleiiationem
1328 4475 1468 4553 cibotum,
1499 4497 1551 4540 non
1581 4489 1672 4532 temen

74 4597 114 4660 ita
132 4587 202 4674 qued
217 4604 325 4672 propser
345 4586 393 4656 boc
407 4584 513 4663 faceret
532 4576 625 4658 aliqui
666 4586 759 4644 contra
779 4568 867 4649 legem
885 4563 943 4626 Dei
954 4605 964 4640 ,
986 4559 1022 4640 ιβ
1047 4577 1188 4642 peccatum
1221 4557 1349 4622 veniale.
