3959 5259
447 94 1373 198 INDULGENT1A,nnn1u
1632 109 1720 215 14⁶9

159 206 234 288 Ejus
255 206 371 287 generis
391 223 461 269 sunt
481 203 516 269 dt
537 201 598 268 illae
618 204 926 280 concessaemtajuut
959 205 1015 271 diae
1034 206 1061 263 S.
1082 205 1270 282 S.·Birgittae
1323 199 1484 271 Mecbtildi
1536 201 1575 273 dc
1595 209 1767 297 Elisabeth,

120 287 253 367 Capellae
274 285 391 350 Rosatii
414 286 445 347 in
469 282 607 349 Ecclesia
625 284 653 346 δ.
672 286 795 346 Antonii
816 282 927 350 deRn·
957 283 1004 348 sel
1026 287 1124 347 beatas
1144 286 1264 363 Jnannae
1282 251 1320 348 de
1341 289 1466 360 Cruce,
1486 247 1520 350 dt
1539 307 1711 368 concessae,
1731 315 1768 365 ut

123 370 215 445 vigo,
235 385 285 430 scu
307 360 468 442 Rbodigii,
488 359 534 426 sel
556 361 703 426 Ecclesiae
729 361 927 428 Sandlissimae
959 380 1123 437 asserunt,
1142 365 1242 440 granis
1263 384 1331 440 quae
1350 363 1469 440 aliquod
1491 384 1529 426 ex
1550 367 1647 434 tribus
1666 382 1765 447 granis

119 447 280 510 Trinitatis
302 446 461 520 bergomi.
491 457 543 504 aut
569 442 598 502 S.
618 443 700 504 Petri
720 446 846 509 ,Montis
866 444 930 505 To·
959 444 1119 517 tetigerint
1136 486 1147 516 ,
1165 442 1340 507 extantibus
1360 462 1450 520 penes
1468 443 1639 512 Romanum
1660 454 1766 518 ronti,

118 524 209 597 doni,
230 518 281 661 die
302 524 393 586 Festo
413 525 597 585 inventionis
624 521 819 586 Sandiissimae
848 524 927 586 Cru-
959 517 1067 595 ficem,
1087 521 1299 596 Hispaniarum
1319 524 1453 600 Regem,
1473 520 1691 592 &Ministrum
1700 533 1765 598 Ge·

117 606 185 675 cis,
208 621 244 663 ve
277 601 461 678 gestantibus
484 595 652 664 funiculum
669 600 695 661 S.
717 603 868 664 Francisci
886 603 926 666 de
959 599 1092 664 neraltm
1125 603 1265 666 Fratrum
1304 605 1461 667 Minosum
1496 601 1702 675 Obseruantia·
1735 614 1765 678 8.

117 678 227 752 Paula,
247 679 293 744 vel
315 678 535 744 celebrantibus
555 681 665 746 Missas
691 680 717 742 S.
738 683 927 760 Augustini,
956 680 1126 744 Francisci.
1453 758 1461 773 .

113 777 170 825 aut
191 757 263 821 alias
291 762 419 836 quinque
450 754 645 823 inhonorem
673 763 801 835 quinque
827 762 924 825 Festi·
994 762 1217 848 Omnesxvcro,
1238 758 1424 837 &singulas
1452 779 1511 837 ram
1540 755 1634 828 dicias
1664 767 1767 836 indul.

113 842 248 903 vitatum
268 840 301 900 B.
323 842 359 901 V.
383 837 430 901 vel
450 836 645 900 recitantibus
665 833 924 906 officiumsinue
955 841 1072 914 gentias
1090 840 1180 902 Sacra
1199 844 1323 915 Congre
1343 844 1406 904 atio
1436 844 1547 916 partim
1574 861 1642 910 esse
1670 848 1762 916 confi·

114 919 289 982 Franciscoe
308 920 456 981 Romonae
473 961 483 991 ,
501 934 552 979 aut
562 912 760 993 Antiphonem
778 920 808 979 0
829 923 924 993 passio
956 914 1034 992 dias,
1054 915 1088 982 dc
1109 917 1197 993 plane
1219 913 1307 982 falsas
1316 860 1448 984 declarat
1466 962 1475 993 ,
1496 925 1605 996 partim
1626 929 1765 1006 Apocry.

118 1009 227 1075 magna
246 994 309 1060 &o
330 998 359 1058 in
381 1000 556 1059 memoriam
585 1000 729 1061 Passionis
751 999 850 1075 lesu,
873 1016 924 1062 aut
956 993 1047 1071 phas,
1079 996 1183 1062 velex
1205 997 1266 1061 alio
1284 1000 1384 1073 capite
1406 996 1526 1081 nullas,
1555 1021 1625 1078 quae
1651 1013 1763 1076 nemini

112 1078 277 1141 Rosarium
297 1080 325 1137 S.
344 1073 439 1140 Annae
460 1073 561 1151 (quod
589 1079 793 1153 Congregatio
819 1078 924 1141 Sacro·
956 1068 1109 1153 suffragari
1131 1093 1281 1151 possunt,
1310 1096 1419 1155 easque
1441 1083 1471 1140 io
1492 1072 1626 1143 futurum
1647 1084 1709 1151 ullo
1730 1091 1763 1154 in

52 1197 57 1208 ,
114 1177 181 1219 rum
210 1156 338 1217 Rituum
367 1177 425 1220 non
454 1150 592 1228 probat)
630 1171 681 1217 aut
715 1158 922 1230 Orationem,
956 1151 1045 1228 ¹⁰⁶0,
1067 1174 1100 1217 lit
1121 1175 1206 1218 veras
1226 1152 1391 1233 publicari,
1411 1153 1613 1223 &intrandas
1629 1160 1765 1234 Christi·

114 1253 183 1308 ouae
205 1238 346 1308 impressa
368 1253 438 1296 cum
462 1236 604 1308 Imaginae
629 1234 656 1296 S.
677 1238 772 1299 Annae
791 1237 921 1298 circum·
955 1227 1092 1297 fidelibus
1113 1240 1236 1308 proponi
1258 1251 1372 1310 vetat,
1398 1230 1560 1314 foliaque,
1591 1236 1627 1304 dc
1646 1239 1763 1324 libros,
1793 1243 1796 1246 ’

112 1311 187 1376 ferri
210 1311 287 1377 solet
310 1318 374 1378 Ave
394 1316 489 1389 gratia
506 1309 601 1453 AElena
629 1308 693 1377 &c
719 1312 819 1389 (quae
840 1316 921 1378 ,Ora-
955 1309 1006 1373 ubi
1029 1321 1070 1377 sic
1093 1330 1299 1389 proponuntur
1319 1359 1329 1390 ,
1348 1335 1399 1378 seu
1422 1309 1617 1395 afferuntur,
1643 1327 1765 1390 omnino

113 1396 166 1469 tio,
179 1390 371 1469 prohibetur)
398 1409 450 1455 aut
476 1395 505 1454 0
535 1393 616 1454 cium
645 1394 861 1468 conceptionis
887 1396 920 1460 B.
954 1395 1095 1467 praecipit
1105 1392 1236 1468 aboleri,
1258 1397 1313 1457 nisi
1323 1392 1677 1475 praediiiaeindulgentiae
1697 1399 1765 1470 fue.

113 1474 245 1549 Virgini·
264 1469 502 1546 Immaculatae,
529 1469 607 1549 quod
627 1488 764 1536 asserunt
791 1471 920 1535 aPauln
954 1473 1017 1531 tint
1045 1467 1206 1547 diligenter
1233 1472 1416 1547 etpundiae:
1458 1478 1523 1538 Nec
1559 1474 1627 1545 ideo
1664 1500 1802 1549 tamen·
1846 1472 1859 1494 ⁸

110 1553 150 1616 v.
172 1551 326 1626 probatum
347 1545 458 1625 luisse,
478 1567 530 1614 aut
549 1551 740 1616 Orationem:
762 1553 847 1614 Deus
868 1553 918 1628 qui
954 1546 1019 1610 vult
1038 1547 1110 1614 alias
1132 1596 1142 1626 ,
1170 1572 1241 1628 quas
1262 1549 1317 1615 hoc
1340 1553 1499 1617 decretum
1517 1576 1577 1619 uon
1598 1566 1762 1638 continet,

106 1629 197 1695 nobis
220 1634 252 1693 in
270 1630 373 1695 Sandis
400 1627 541 1706 syndone
567 1627 630 1694 &c
658 1631 671 1706 (
692 1632 843 1706 excipitur
870 1635 919 1693 ln·
941 1645 1007 1701 ipro
1029 1633 1127 1704 veris,
1146 1627 1181 1693 δι
1203 1627 1347 1708 legitimis
1369 1636 1523 1708 taciteque
1549 1636 1682 1711 probatis
1712 1639 1764 1707 ha.

105 1709 268 1787 dulgentia
291 1734 355 1774 roo.
378 1705 494 1774 dierum
513 1719 919 1784 ann01671.concessapre·
950 1705 1032 1769 beri.

103 1790 198 1855 cibus
222 1792 360 1855 Ducissae
381 1786 532 1853 Sabaudiae
551 1788 698 1852 adannos
730 1799 776 1863 25.
803 1789 917 1853 cuntiis
990 1789 1038 1849 Ac
1058 1782 1179 1852 demum
1201 1789 1517 1868 omneslodulgentias
1541 1812 1761 1866 concessasan-

109 1873 148 1938 ier
169 1867 252 1932 illius
273 1865 387 1933 ditione
408 1865 612 1945 degentibus)
640 1884 691 1931 aut
712 1866 824 1941 aliam,
851 1870 918 1930 Ave
951 1878 983 1927 te
1003 1867 1174 1930 Decretum
1193 1868 1456 1938 ClementisVlii.
1477 1870 1570 1936 latum
1591 1873 1639 1939 die
1661 1902 1690 1955 9·
1714 1885 1762 1959 μ.

108 1946 188 2013 Filia
208 1950 269 2011 Dei
290 1946 352 2012 dtc.
375 1951 692 2030 postcommunionem
714 1944 917 2020 recitandam,
949 1948 1047 2007 nuarii
1076 1970 1087 2007 r
1095 1952 1161 2021 587.
1180 1951 1310 2014 Coronis
1332 1992 1341 2024 ,
1370 1952 1530 2026 Rostriis,
1557 1959 1680 2031 granis,
1708 1981 1761 2024 sen

108 2027 160 2091 sel
182 2025 238 2087 alio
257 2029 421 2101 conspicuo
442 2027 743 2105 signose'nerantibus
764 2025 915 2090 uanuissi-
949 2020 1091 2099 calculis,
1111 2026 1278 2104 Crucibus,
1299 2023 1334 2092 ἀ
1356 2031 1536 2106 imaginibus
1556 2035 1654 2096 Sacris
1675 2081 1684 2109 ‚
1712 2039 1760 2104 vel

105 2112 151 2170 mi
176 2101 579 2172 EucharistiaeSacramenti
602 2101 915 2184 nomen31ndulgen-
947 2120 1020 2165 ante
1050 2106 1145 2168 Breve
1174 2105 1256 2169 Pauli
1285 2109 1324 2169 V.
1352 2109 1428 2184 quod
1458 2111 1584 2185 incipit:
1606 2115 1761 2182 Romanus

105 2186 152 2254 tia
182 2204 284 2248 rursus
311 2187 463 2264 odlogiuta
490 2183 618 2249 millium
645 2206 789 2250 annorum
818 2187 914 2249 veteri
949 2176 1089 2245 Pontifex
1110 2181 1174 2250 dte.
1195 2183 1310 2249 editutn
1333 2188 1463 2263 23.Maii
1479 2210 1556 2250 anno
1581 2200 1666 2256 1606.
1690 2200 1762 2263 Per.

106 2258 150 2325 de
171 2262 271 2327 tabula
291 2272 464 2341 exscripta,
484 2286 572 2343 quam
594 2270 624 2331 in
645 2261 767 2329 Basilica
789 2264 917 2328 Latera·
949 2265 1030 2325 sonis
1050 2264 1250 2340 Regulatibus
1270 2285 1522 2344 quarumcumque
1542 2267 1758 2352 Religionum,

105 2346 193 2406 nensi
212 2349 361 2409 asservari
381 2342 528 2409 affirmant
551 2340 782 2421 prodiceutibus
802 2347 916 2410 oratio·
948 2337 984 2405 dt
1012 2339 1162 2406 Ordinum
1190 2345 1583 2432 etiam-Mendicantium,
1615 2352 1659 2413 iel
1688 2372 1760 2420 ante

101 2439 177 2483 nem
202 2420 286 2485 illam
308 2445 377 2488 vere
397 2429 493 2500 piam,
514 2427 619 2499 Deus,
641 2426 690 2501 qui
705 2442 759 2497 pro
780 2420 912 2486 Redem-
948 2424 1210 2486 Constitutionem
1234 2445 1297 2498 υς.
1318 2423 1488 2492 Clementis
1509 2429 1589 2491 Vlll.
1610 2429 1759 2503 cujusini.

100 2502 211 2574 ptinne
232 2500 336 2565 mundi
357 2501 419 2568 dte.
442 2505 520 2565 Turn
541 2505 768 2577 quaeimpressae
790 2498 913 2564 fuerunt
946 2500 1046 2558 tium:
1069 2506 1264 2585 Quascumque
1282 2498 1352 2574 dssc-
1370 2499 1404 2567 dt
1427 2511 1477 2568 ⁶8,
1505 2505 1587 2568 Pauli
1617 2511 1654 2572 V.
1682 2511 1758 2575 ioci·

97 2579 205 2652 Papiae
225 2601 302 2644 anno
327 2590 410 2655 1670.
436 2582 490 2643 sub
518 2577 574 2641 linc
602 2578 717 2651 titulo,
743 2583 910 2641 Sommario
947 2579 1105 2650 pientem,
1127 2582 1201 2662 Qua
1218 2577 1377 2643 salubriter
1395 2579 1464 2651 doc.
1493 2580 1605 2649 habitas
1635 2607 1689 2662 per
1708 2610 1758 2668 ag.

95 2653 182 2732 delle
202 2657 385 2737 lodulgenze
404 2677 550 2722 concesse
561 2653 645 2726 'dalla
664 2656 779 2719 Santiti
799 2654 828 2719 di
847 2661 913 2721 No·
946 2657 1167 2731 gregatinnem,
1189 2653 1234 2717 sel
1256 2656 1345 2720 aliam
1376 2664 1692 2730 communicationem
1718 2671 1757 2737 ab

94 2752 171 2801 stro
190 2742 314 2814 signore
337 2741 413 2813 l’apa
432 2738 539 2802 Leone
559 2739 599 2801 X.
618 2733 831 2813 all'lmmagine
848 2732 914 2799 del·
947 2729 1318 2800 Archi-Confrateroitate
1346 2735 1433 2812 ulla,
1459 2741 1598 2816 Ordine,
1624 2749 1759 2824 congre.

95 2813 129 2879 la
152 2820 351 2882 Concezione
373 2815 451 2881 della
469 2815 614 2881 Gloriosa
636 2815 767 2890 Vergine
796 2817 917 2890 Maria,
946 2814 1088 2889 gatione,
1109 2818 1262 2877 societate
1282 2816 1373 2878 etiarn
1395 2818 1486 2894 lesu,
1514 2822 1679 2899 capitulo,
1706 2826 1755 2892 ,el

94 2895 148 2957 vel
175 2900 285 2959 Pisauri
306 2895 360 2958 sub
383 2903 501 2959 nomine
532 2896 564 2957 B.
584 2895 703 2973 Joannat
724 2913 800 2957 anno
832 2899 916 2956 ιω.
945 2893 1040 2955 Coetu
1062 2910 1273 2984 quocumque,
1301 2893 1348 2957 vel
1377 2896 1413 2960 ab
1440 2916 1547 2962 eorum
1566 2896 1756 2974 officialibus

91 2973 269 3051 evulgatae,
290 2975 335 3038 sel
358 2975 503 3039 Barlettoe
521 3017 532 3049 ,
552 2992 605 3036 seu
626 2969 725 3034 baroli
746 2993 763 3034 a
783 2976 915 3036 recitati·
943 2971 1168 3046 Superioribus,
1187 2970 1311 3049 altisque
1333 2977 1465 3047 personis
1486 3020 1494 3049 ,
1527 2977 1573 3042 sel
1596 3001 1720 3054 persona
1741 3032 1753 3065 ,

92 3052 184 3116 tibus
205 3054 346 3130 quasdam
367 3073 424 3116 non
445 3072 515 3117 sane
539 3051 626 3115 malas
654 3057 807 3117 orationes
829 3096 839 3126 ,
867 3051 913 3114 lu-
945 3053 1065 3113 etiamsi
1086 3069 1215 3125 earum,
1242 3049 1289 3114 vel
1311 3053 1374 3128 ejiis
1396 3059 1510 3119 mentio
1531 3061 1668 3132 specialis
1689 3107 1697 3134 ,
1717 3063 1754 3133 Ac

90 3128 242 3206 craodae,
265 3132 309 3195 vel
332 3134 445 3198 Parmae
467 3130 656 3197 visitantibus
678 3129 913 3209 perQuadrage-
943 3127 1098 3193 individua
1119 3123 1255 3193 facienda
1273 3149 1380 3207 esset,
1411 3138 1467 3196 nisi
1497 3130 1612 3203 fuerint
1642 3137 1754 3209 deinde

89 3215 187 3275 simae
205 3211 270 3276 dies
294 3209 448 3277 Ecclesiae
471 3213 570 3274 Tertii
590 3206 713 3273 Ordinis
740 3213 769 3274 S.
789 3214 911 3274 Franci·
942 3208 1073 3271 Romani
1103 3205 1254 3273 Pontificis
1282 3211 1459 3276 auuorinre
1492 3218 1668 3294 innovatae,
1699 3239 1753 3288 ant

91 3293 170 3362 sci,
199 3289 254 3353 sel
272 3294 421 3366 Pistorii,
448 3290 482 3357 dt
503 3287 647 3355 Vastallae
673 3313 691 3353 a
712 3289 911 3354 recitantibus
941 3283 1143 3360 confirmate,
1164 3286 1272 3353 nullius
1291 3311 1355 3355 esse
1376 3293 1519 3368 roboris,
1546 3295 1580 3360 te
1603 3305 1752 3367 momenti

88 3369 294 3444 orationem,
330 3376 400 3434 Ave
424 3370 615 3437 sanstissima
643 3370 768 3442 Maria,
803 3371 908 3436 Mater
943 3369 1055 3441 pariter
1076 3363 1250 3460 declarat..

87 3451 189 3521 Dei,
219 3451 336 3525 Regina
363 3450 444 3516 Coeli
474 3449 537 3516 &c
564 3446 599 3512 dt
627 3446 694 3512 aliae
716 3452 746 3511 in
768 3448 909 3524 peculiari
983 3449 1078 3510 Porro
1105 3446 1269 3509 Summam
1297 3446 1382 3513 lndul
1405 3456 1552 3516 entiarum
1588 3474 1643 3526 pro
1667 3462 1752 3526 Con.

86 3529 251 3603 impresso
271 3527 349 3592 libro
367 3528 559 3605 descriptae,
589 3524 693 3604 quibus
720 3523 781 3594 frui
801 3524 908 3594 dicunt
941 3524 1164 3602 gregatiooibus
1185 3526 1340 3594 nourinae
1356 3472 1553 3606 clristianae,
1572 3532 1751 3604 confrater.

83 3605 226 3673 devotos
245 3607 439 3686 seraphicus,
461 3607 496 3674 dt
518 3602 744 3672 lieneladiores.
942 3603 1087 3670 nitatibus
1106 3607 1154 3667 SS.
1175 3607 1353 3680 Trinitatis,
1379 3607 1413 3675 dt
1436 3608 1664 3689 Redemptinnjs
1691 3622 1752 3683 cg.

131 3689 200 3752 His
221 3688 453 3760 annumeranda
476 3707 543 3753 sunt
559 3734 572 3767 ,
592 3705 659 3763 quae
679 3685 828 3752 Crucibus
848 3693 908 3753 Ca·
942 3689 1113 3759 privorum,
1135 3688 1273 3750 Nominis
1299 3691 1382 3761 Dei,
1408 3691 1550 3764 Rotarii,
1585 3695 1608 3755 g
1640 3693 1749 3765 Muiae

81 3768 312 3833 ravacensibus
333 3771 457 3835 tributae
477 3766 636 3838 dicuntur,
658 3765 704 3828 sel
726 3768 909 3833 Coronaesi·
941 3759 981 3828 de
1009 3763 1183 3838 Mercede,
1208 3761 1243 3829 ἀ
1273 3765 1505 3842 Redemptionis
1533 3779 1749 3853 captivorum,

81 3865 127 3909 ve
151 3846 300 3913 stellaris
327 3851 542 3925 Conceptionis
573 3846 707 3922 Virginis
734 3847 910 3911 Immacula·
941 3846 972 3907 B.
993 3847 1103 3910 Mariae
1125 3840 1164 3907 dc
1186 3848 1294 3920 Mente
1315 3845 1455 3910 carmelo
1476 3894 1485 3925 ,
1506 3851 1659 3918 cinctura
1679 3857 1750 3921 San.

83 3941 151 4004 tae,
177 3926 258 4005 quod
281 3949 319 3990 ex
340 3925 499 4002 duodecim
516 3924 648 4003 globulis
677 3928 819 4000 precariis
838 3946 908 3990 con·
942 3923 1195 3996 clinomeni,
1234 3923 1267 3990 dt
1295 3926 1322 3985 S.
1347 3927 1505 4002 Monicae,
1549 3936 1603 3995 nisi
1633 3931 1671 3995 ab
1697 3956 1748 4000 ea-
1823 3985 1829 3996 .

81 4023 172 4081 stat,
199 4006 247 4070 vel
267 4009 401 4081 Granis,
421 4006 590 4079 Crucibus,
609 4001 643 4068 dr
667 4008 794 4070 Coronis
817 4004 907 4082 Aloy-
942 4002 1010 4067 dem
1030 4005 1267 4082 congregatione
1287 4008 1469 4084 recognita,
1489 4029 1547 4072 non
1569 4017 1749 4083 pirmittun-

79 4088 141 4154 siae
164 4086 206 4150 ab
230 4091 414 4153 Ascensione
436 4091 579 4160 Hispanae
599 4083 811 4149 MonialisOrd
828 4088 908 4150 nisu.
942 4101 1009 4151 tur.

78 4165 216 4238 Clarae,
239 4167 287 4234 vel
312 4173 466 4246 Mensurae
488 4164 666 4231 Altitudinis
694 4167 762 4242 Jesu
789 4162 906 4231 Christi
980 4161 1178 4240 Indulgentias
1200 4183 1271 4227 vero
1290 4166 1460 4236 stationum
1487 4165 1607 4244 Urbis,
1635 4191 1702 4246 quae
1730 4195 1747 4236 ι

77 4243 225 4310 Domini
253 4250 387 4322 Nostri,
418 4246 461 4311 uel
491 4247 647 4322 Imagini,
674 4261 726 4307 aut
756 4264 906 4311 mensuras
941 4244 1087 4307 Romanis
1108 4238 1299 4308 Pontificibus
1329 4246 1468 4322 singulari
1499 4245 1626 4326 quodam
1652 4252 1772 4314 Bene,

77 4323 233 4390 vulneris
252 4326 357 4392 Lateri
379 4325 443 4403 ejus
466 4322 571 4392 inflidii
594 4321 671 4398 ,vel
689 4326 818 4388 orationi
841 4343 906 4398 ,ut
941 4318 1024 4396 ficio,
1047 4322 1092 4386 uel
1114 4329 1348 4389 communicatae
1369 4345 1435 4389 sunt
1459 4371 1469 4399 ,
1497 4326 1546 4388 sel
1575 4331 1745 4392 communi·

75 4406 200 4482 ajunt,
222 4408 250 4465 in
272 4407 407 4483 sepulcro
428 4407 552 4471 Domini
574 4405 682 4470 Nostri
704 4423 737 4466 re
776 4419 852 4479 rtae,
872 4402 907 4469 dr
941 4400 1090 4465 cabuntur
1110 4401 1264 4466 interdum
1286 4403 1432 4480 aliquibus
1454 4405 1546 4479 locis,
1564 4405 1748 4486 Ordinibus,

71 4482 313 4561 Indulgentiae,
332 4505 367 4552 ut
385 4486 470 4567 ajunt
487 4531 497 4565 ,
515 4487 629 4556 inuiam
648 4422 842 4551 Reselbiimi
864 4479 908 4549 fa·
941 4500 993 4546 aut
1013 4484 1165 4563 personis,
1184 4480 1414 4626 diebustanttbm
1432 4487 1595 4551 stationum
1617 4489 1747 4631 inaniis·

170 4566 256 4636 Τοκο
277 4569 331 4632 IV·
764 4599 770 4604 ‘
1413 4582 1431 4642 g
1474 4584 1489 4641 3
1695 4569 1706 4630 i
