3959 5259
440 137 1453 286 iuouaossutrin,aii.vi.
1607 214 1684 299 ,31

79 290 82 298 ’
176 304 253 368 Item
284 295 315 361 in
343 293 524 360 dedicatione
555 292 707 368 ejusdem,
741 313 803 375 qua
824 294 862 357 cll
892 291 922 355 in
963 289 1203 357 christifidelibus
1231 291 1338 356 dimin
1358 294 1515 359 Ecclesiam
1546 296 1652 364 devote
1683 300 1748 364 viti·

109 380 249 448 ‚Odiava
268 380 297 444 S.
307 376 456 451 Martini,
479 372 543 438 sunt
566 376 606 438 ibi
629 374 710 438 mille
732 373 801 435 anni
825 372 921 437 Indus·
963 373 1094 439 tentibus
1124 374 1213 437 infin
1255 373 1290 436 lis
1310 374 1568 456 festivitatibus,
1588 380 1619 443 δι
1640 381 1749 446 Statio-

131 465 266 548 geiiriae,
296 456 475 538 &totidem
494 456 708 539 quadragena,
743 451 922 520 &remissio
963 455 1048 520 nibus
1068 452 1193 531 ejusdem
1261 453 1348 519 clesiae
1368 453 1530 539 plenariam
1553 460 1752 540 remissionem

131 543 272 614 omnium
293 556 498 625 peccatomm.
734 540 738 546 ⁴
963 535 1099 602 omnium
1120 552 1326 622 peccatorum.
1726 606 1730 614 ,

180 625 285 699 Item,
316 619 421 702 liquis
452 619 605 694 intraverit
634 615 742 681 didani
762 616 920 684 Ecclesiam
1005 619 1111 694 Item,
1143 617 1249 700 liquis
1281 615 1434 682 intraverit
1464 617 1571 680 didlam
1594 621 1754 690 Ecclesiam

111 705 273 773 'omnibus
292 701 391 768 diebus
412 699 606 776 Dominicis,
636 697 724 762 habet
755 715 850 764 tantas
873 700 920 767 In·
961 718 1014 786 per
1042 719 1151 764 annum
1180 698 1263 762 omni
1293 713 1400 781 quarta
1420 699 1507 765 Fetia
1535 700 1640 764 liberat
1661 722 1754 768 anani

137 783 326 869 dulgentias,
356 803 391 848 ac
412 782 432 843 fi
453 784 508 846 iret
540 780 575 846 ad
596 778 729 843 Sandium
751 780 919 865 Sepulcrum
962 780 1108 845 Animam
1129 803 1147 845 a
1168 779 1364 864 Purgatorio.

133 860 373 948 Hierosolymis,
396 883 428 926 ac
449 863 484 928 ad
504 859 639 926 sarnum
661 859 802 931 Iacobum
825 861 919 924 Galli·
1003 864 1080 927 Item
1104 860 1216 926 intrans
1236 881 1286 944 per
1307 860 1430 933 lantiam
1443 862 1607 926 Aullralem
1629 861 1755 940 eiusdem

136 951 203 1016 tiae.
236 947 282 1008 Ac
303 941 424 1009 visitans
443 940 552 1023 septem
576 940 692 1005 Altaria
714 939 798 1016 liujus
818 940 917 1006 Eccle·
959 942 1102 1024 Templi,
1134 944 1170 1006 de
1191 961 1249 1004 una
1268 937 1361 1004 Cruce
1383 944 1419 1004 ad
1440 942 1553 1019 aliam,
1586 944 1754 1020 contritus,

12 1061 14 1064 ·
61 1085 69 1101 .
137 1030 182 1094 sira
203 1043 250 1091 tot
270 1023 428 1089 lucrabitur
450 1022 667 1105 Indulgentiae,
695 1041 788 1105 quot,
811 1022 831 1084 si
853 1022 915 1088 visi·
958 1025 989 1088 &
1010 1021 1146 1088 consellos
1165 1021 1252 1087 habet
1275 1019 1471 1087 remissionem
1492 1022 1626 1091 omnium
1648 1035 1752 1111 pecca·

136 1107 218 1177 casser
240 1103 348 1187 septem
368 1103 496 1168 Altaria
510 1105 539 1167 S.
563 1102 662 1168 Petri.
967 1121 1086 1169 torum.
1729 1103 1737 1144 '-

178 1194 293 1275 Quarta
316 1185 436 1265 Ecclefia
457 1184 495 1251 eit
515 1183 550 1246 ad
571 1182 738 1250 &Mariam
750 1177 922 1259 Maiorem,
1007 1190 1091 1249 Sexta
1113 1182 1234 1263 Ecclesia
1262 1186 1301 1251 eli
1332 1187 1368 1250 ad
1389 1185 1700 1264 Sandlos'Fabianum'
1719 1187 1755 1258 dt
1839 1257 1841 1264 ,

116 1272 171 1334 'in
192 1288 251 1351 qua
271 1264 337 1332 sunt
357 1266 442 1332 omni
464 1265 511 1330 die
531 1263 577 1331 seir
601 1263 702 1341 inille,
731 1266 762 1329 te
783 1267 833 1342 48.
855 1267 923 1329 anni
966 1265 1159 1331 Sebastianum
1181 1284 1408 1346 extramuros,
1440 1269 1471 1334 in
1492 1291 1551 1354 qua
1570 1269 1635 1334 sunt
1664 1263 1752 1335 omni

139 1347 357 1432 Indulgentiae,
388 1345 565 1413 &totidem
586 1345 801 1429 quadragena,
825 1347 923 1410 'Sere-
965 1347 1013 1411 die
1035 1349 1125 1424 6948.
1147 1350 1216 1413 anni
1237 1347 1450 1432 Indulgentiae,
1482 1355 1513 1416 St
1533 1352 1659 1417 totidem
1679 1370 1754 1433 qua·

137 1427 234 1497 missio
255 1430 347 1495 tertiae
369 1429 459 1513 partis
487 1427 620 1492 omnium
641 1443 854 1511 peccatorum.
889 1426 923 1489 In
964 1428 1123 1511 dragenae,
1156 1451 1188 1493 ac
1217 1428 1353 1504 remitto:
1374 1431 1464 1496 tertie
1494 1432 1585 1517 partis
1617 1448 1753 1516 peremn-

135 1514 192 1579 bac
213 1509 340 1575 Ecclesia
374 1509 438 1575 sunt
458 1509 653 1582 Stationesfin
683 1507 820 1573 omuibus
838 1528 923 1588 quat·
966 1531 1054 1575 runi.
1085 1507 1127 1573 Et
1149 1509 1178 1572 in
1199 1510 1293 1575 dieS.
1315 1509 1490 1589 Sebastiam,
1512 1514 1592 1577 &in
1614 1512 1755 1576 omnibus
1839 1557 1841 1560 .

139 1595 179 1658 tis
201 1591 293 1657 Feriis
322 1603 447 1674 quatuor
466 1591 648 1675 'sempor'i‘im
672 1613 680 1661 ;
711 1589 796 1653 seria
824 1607 929 1683 quarta
969 1589 1137 1655 Dominicis
1157 1592 1260 1656 mense
1280 1591 1360 1654 Maii
1384 1592 1567 1675 Indulgentia
1596 1593 1728 1677 plenaria
1742 1640 1756 1658 .

137 1672 269 1751 Maioris
288 1671 491 1750 hebdomadae,
514 1673 544 1735 in
566 1672 613 1735 <sie
634 1670 766 1746 Paschae,
790 1669 925 1736 Domini·
1010 1674 1086 1739 Item
1109 1670 1139 1735 io
1161 1672 1261 1736 eadem
1281 1671 1411 1737 Ecclesia
1431 1673 1496 1739 sunt
1539 1675 1648 1740 uotidie
1668 1672 1755 1741 mille

140 1777 177 1819 ca
197 1754 293 1838 prima
317 1751 487 1829 Adventus,
510 1752 539 1816 in
559 1750 694 1848 vigilia,
716 1753 748 1815 δι
766 1749 813 1816 dle
835 1750 923 1814 Nati·
965 1755 1034 1819 anni
1058 1749 1248 1817 Indulenntiae
1268 1752 1329 1818 dati
1351 1774 1369 1816 a
1391 1754 1509 1837 Pelagio
1554 1776 1610 1840 apa

136 1835 261 1910 vitatis,
283 1834 312 1896 in
334 1834 381 1899 die
400 1832 660 1910 circumcisionis.
1007 1835 1084 1910 Item
1106 1830 1136 1895 in
1158 1834 1256 1898 eadem
1279 1833 1406 1899 Ecclesia
1425 1835 1688 1912 adCatacumbas,
1710 1831 1756 1900 ibi

183 1917 262 1980 Item
284 1913 315 1977 iii
334 1910 795 1999 VigiliaAscensionisDomini,
817 1910 847 1974 in
889 1932 929 1976 ria
966 1934 1056 1999 prope
1077 1915 1170 1988 majus
1192 1915 1297 1980 Altare
1317 1913 1381 1979 sunt
1402 1929 1466 1993 tot,
1488 1916 1519 1979 aa
1539 1933 1628 1980 tanta
1652 1914 1753 1981 Indul-

134 1997 297 2065 celebratur
318 1995 433 2059 Fellum
455 1996 595 2081 Corporis
616 1995 644 2058 S.
667 1992 844 2076 Hieronymi
868 1931 924 2056 ibi·
966 1997 1087 2080 gentia,
1108 2012 1202 2074 quot,
1225 1996 1256 2060 δι
1276 2012 1391 2077 quantae
1413 1992 1477 2060 sunt
1499 1997 1529 2059 iii
1552 1995 1684 2063 Ecclefiis
1708 1994 1755 2060 A·

132 2080 203 2144 dem
226 2072 423 2159 quiescentis,
454 2077 489 2141 ad
512 2076 616 2156 Altare
638 2075 721 2159 ipsius
742 2073 781 2138 est
802 2070 928 2138 remissio
967 2075 1159 2162 polloloruiri.
1172 2075 1248 2141 Petri
1269 2075 1415 2152 &Pauli,
1436 2077 1507 2158 quia
1527 2075 1567 2140 ibi
1588 2078 1668 2161 priris
1689 2097 1756 2142 cor·

130 2157 232 2224 tertiae
263 2157 353 2241 partis
382 2158 516 2223 omnium
537 2174 725 2241 peccatorum
755 2153 883 2221 concessa
910 2175 929 2219 a
967 2178 1040 2244 pora
1059 2176 1159 2223 eorum
1181 2160 1328 2234 jacuerunt
1348 2155 1516 2221 abscondita
1535 2156 1757 2241 longotempo·
1837 2217 1843 2230 ,,

5 2301 7 2322 ,
131 2240 196 2304 Pio
216 2238 293 2322 Papa
314 2238 357 2301 II.
379 2239 409 2302 de
431 2237 514 2303 tndut
535 2237 617 2301 entia
637 2237 784 2321 plenaria.
909 2311 913 2314 Α
969 2261 1000 2303 re
1022 2239 1052 2301 in
1074 2253 1162 2321 puteo
1181 2236 1337 2319 quodam,
1370 2236 1400 2301 su
1422 2256 1559 2319 ecquem
1590 2239 1628 2300 est
1660 2233 1755 2303 iinuin

177 2321 258 2384 Item
288 2320 319 2381 in
350 2319 485 2385 omnibus
505 2261 723 2384 sediminibus
744 2318 838 2383 Beatac
858 2317 928 2382 Ma·
968 2319 1093 2385 Altare.
1117 2320 1194 2381 Item
1213 2317 1363 2394 Silveller,
1417 2318 1562 2400 regorius,
1583 2319 1753 2390 Honorius,

131 2401 187 2466 riae
209 2398 274 2465 sunt
296 2398 337 2464 ibi
368 2400 449 2467 mille
470 2399 538 2464 anni
563 2399 752 2484 Indulgentiae
773 2444 782 2476 ,
800 2399 846 2465 'dt
865 2397 925 2482 ple·
966 2397 1116 2484 Pelagius,
1140 2397 1301 2472 Nicolaus‚
1322 2397 1351 2458 dt
1372 2396 1496 2469 loannes
1516 2399 1630 2461 Summi
1650 2398 1757 2461 Ponti·

83 2555 86 2560 Ἴ
134 2481 222 2564 naria
242 2498 428 2566 peccatorum
449 2478 599 2546 remissio.
676 2543 679 2548 ,
965 2479 1034 2544 sices
1053 2482 1246 2556 concesserunt
1274 2476 1398 2574 quissibet
1419 2497 1519 2541 eorum
1550 2478 1633 2568 mille
1662 2498 1755 2542 annos

180 2564 257 2625 Item
288 2564 414 2625 aFello
438 2559 653 2640 Assumptionis
673 2557 808 2636 Virginis
838 2556 925 2633 usque
967 2558 1159 2639 tmitgeniiae
1178 2577 1306 2653 quocum
1329 2579 1363 2621 ue
1393 2574 1526 2639 tempore
1546 2560 1616 2623 anni
1645 2559 1755 2626 devote
1841 2575 1845 2600 ³

133 2643 173 2704 ad
195 2645 255 2717 ejus
276 2639 474 2703 Nativitatem
498 2637 562 2698 sunt
583 2636 625 2697 ibi
657 2635 809 2721 duodecim
831 2633 927 2695 millia
968 2637 1152 2704 visitantibus
1174 2639 1279 2699 dislam
1303 2578 1481 2702 {celciam
1842 2665 1844 2674 ·

133 2741 282 2786 annorum
304 2714 595 2804 Indulgentiagultra
614 2714 762 2799 praedidias
781 2714 927 2798 quotidia-
1009 2720 1085 2781 Item
1107 2715 1215 2783 ibidem
1238 2717 1266 2778 in
1288 2717 1466 2783 Coemeterio
1486 2718 1598 2783 Callisli
1630 2722 1668 2783 esl
1710 2718 1757 2782 le·

131 2825 189 2878 iias
211 2798 426 2881 indulgentias.
636 2811 639 2816 ⁴
967 2797 1050 2859 naria
1072 2793 1199 2860 remissio
1218 2797 1352 2861 omnium
1373 2816 1580 2881 peccatorum,
1602 2739 1758 2866 seeundum
1788 2817 1791 2820 ‘

183 2886 272 2945 Nota
292 2898 411 2972 tamen,
431 2877 509 2959 quod
530 2873 775 2970 quartaEcclesie
796 2873 833 2936 ab
853 2873 927 2937 anti·
968 2875 1127 2959 quosdam.
1282 2873 1286 2888 ⁴

131 2956 432 3108 uersiculi.
448 2949 928 3119 nanceii-cilitiae
967 2958 1045 3102 i:
1064 2955 1756 3139 simiis¹¹¹ini¹iii,„:¹1iun

34 3167 38 3170 „
133 3120 279 3204 assignata
301 3140 354 3205 pro
374 3138 478 3201 quarta
499 3133 639 3192 numero,
661 3116 692 3180 dt
705 3114 768 3181 alia
788 3135 845 3180 tres
865 3138 924 3180 non
964 3117 1126 3195 contritus,
1147 3120 1178 3185 dt
1197 3118 1333 3186 consessus
1355 3121 1571 3204 Indulgentiam
1594 3111 1759 3207 plenariam

135 3203 335 3268 visitabantur
355 3223 389 3274 eii
410 3198 528 3275 debito,
562 3196 608 3262 sed
629 3217 665 3261 ex
687 3197 843 3262 devotione
865 3213 926 3261 tan·
967 3197 1042 3266 cons
1075 3216 1157 3262 uetur
1175 3200 1214 3263 ob
1250 3202 1354 3266 merita
1374 3223 1466 3283 7400.
1490 3193 1693 3288 Martyrum,
1721 3205 1756 3269 &

132 3283 317 3358 tummodo,
339 3284 374 3343 ad
395 3283 570 3366 parcendum
591 3276 737 3362 laboribus
757 3277 925 3363 Peregrino·
968 3285 1032 3359 46„
1075 3299 1243 3344 ummorum
1265 3277 1441 3347 Pontificum
1472 3283 1513 3362 ibi
1542 3279 1756 3370 sepultorum,

106 3365 279 3443 ,¹1uin,&
298 3365 523 3428 Romanorum.
608 3417 611 3424 ,
968 3379 1093 3444 quorum
1115 3359 1228 3425 suerunt
1254 3362 1300 3424 18.
1323 3361 1489 3447 Martyres}
1538 3439 1540 3442 ι
1739 3411 1742 3418 .

177 3449 296 3533 Quinta
316 3435 432 3521 Scelesta
453 3444 491 3508 est
521 3441 557 3506 ad
578 3440 711 3505 Sandum
735 3438 925 3504 laurentium
1014 3446 1138 3525 Septima
1157 3442 1278 3519 scelesta
1297 3442 1334 3506 ell
1356 3442 1391 3506 ad
1412 3445 1545 3508 siriciani
1566 3447 1690 3512 Crucem
1723 3439 1757 3510 in
1840 3453 1844 3474 ‘

128 3544 358 3599 extramuros,
381 3524 412 3586 in
432 3545 490 3607 qua
504 3521 568 3586 sunt
589 3523 672 3586 onini
694 3519 740 3585 die
760 3522 851 3602 7048.
873 3541 920 3585 an·
962 3521 1164 3600 Hierusalem,
1189 3523 1218 3584 in
1239 3542 1298 3603 qiia
1320 3520 1385 3586 sunt
1404 3525 1488 3588 omni
1509 3523 1556 3591 die
1570 3521 1661 3605 6940.
1682 3527 1754 3590 anni

128 3609 165 3673 rii
193 3606 411 3690 Indulgentiae,
444 3603 620 3670 &totidem
651 3602 858 3685 quadragena,
887 3622 920 3666 ac
965 3603 1175 3686 indulgentia,
1213 3601 1387 3666 tantidem
1408 3606 1625 3689 quadragenae,
1656 3628 1690 3671 ac
1712 3601 1755 3680 re'·

48 3713 52 3726 ·
130 3688 270 3753 remissio
299 3689 390 3751 tertia
419 3684 510 3769 partis
548 3684 681 3747 ninnium
712 3698 925 3766 peccatorum.
969 3681 1064 3749 missio
1084 3682 1177 3752 tertia
1198 3684 1290 3767 partis
1309 3686 1443 3756 omniurn
1465 3701 1690 3771 peccatorum·

43 3843 47 3852 ,
133 3772 225 3836 Item
246 3767 292 3830 seii
315 3766 394 3829 mille
415 3766 483 3828 anni
507 3757 713 3860 liiddlgentia.
739 3764 772 3824 In
796 3765 848 3824 liae
870 3763 925 3825 Ec·
969 3832 971 3835 ⁴
1009 3764 1044 3826 In
1075 3766 1129 3830 bac
1160 3764 1287 3829 Ecclesia
1326 3764 1564 3834 suntStatIones
1597 3763 1757 3852 ὓὸπῄηἰεᾳ
1839 3803 1842 3807 ¹

129 3852 226 3916 elesa
255 3847 318 3913 siinr
334 3848 484 3911 ·Staiiones
507 3845 664 3911 Dominica
683 3846 718 3909 Se
741 3845 930 3927 tuagesimae,
971 3863 1075 3988 putria
1095 3844 1327 3929 Qadragesim'ae,
1368 3850 1398 3909 ό.
1421 3848 1509 3914 Feria
1529 3845 1672 3934 Maioris,
1686 3849 1756 3913 lieb-

128 3930 303 3998 Dominica
333 3928 420 3993 tertia
449 3926 704 4009 Quadragesimaa,
732 3925 791 3990 eila
827 3939 932 4008 quarta
992 3927 1118 4004 omada,
1143 3926 1299 3992 Dominica
1319 3924 1440 3993 secunda
1450 3931 1622 3994 Adventus.
1640 3929 1758 4008 sudio

23 4019 44 4036 '⁴
127 4009 386 4086 instat'Qsiavam
408 4006 547 4085 Pascha,
577 4005 715 4090 &scria
744 4006 849 4093 quinta
867 4006 931 4090 posi
970 4007 1024 4074 bus
1045 4007 1245 4082 inventionis,
1269 4009 1300 4070 dt
1319 4009 1518 4075 Eraltationis
1538 4011 1566 4072 S.
1658 3998 1701 4084 is,
1723 4011 1759 4073 dt

128 4093 350 4174 Pentecosten.
384 4103 389 4116 “
969 4089 1122 4154 incorum
1142 4088 1292 4166 octavis,
1323 4091 1355 4154 Si
1376 4091 1407 4154 iii
1427 4089 1563 4156 omnibus
1604 4088 1761 4173 upiadislis

178 4180 263 4242 It¹em
288 4175 317 4236 in
340 4169 557 4236 festivitatibus
577 4166 747 4234 Sandloriim
769 4165 928 4253 Stephani,
970 4169 1069 4235 diebus
1091 4169 1128 4235 esi
1142 4169 1334 4252 Indulgentia
1357 4167 1527 4240 plenaria(

130 4262 173 4328 δι,
191 4245 367 4334 Laurentii,
419 4271 520 4315 uorum
542 4269 664 4334 corpora
683 4249 790 4314 ibidem
820 4247 929 4330 requie·
1014 4250 1091 4316 Item
1106 4251 1188 4312 omni
1209 4250 1255 4314 die
1270 4243 1430 4317 Dominic'a
1450 4251 1519 4334 sunt
1537 4252 1569 4316 in
1588 4251 1685 4317 eadem
1698 4252 1758 4317 Eo

130 4339 250 4414 scunt,
282 4337 314 4400 aa
334 4273 530 4420 piritunae
551 4352 681 4404 eorum,
710 4331 742 4395 dt
763 4328 931 4413 insingulis
973 4333 1055 4396 clesia
1081 4330 1204 4394 trecenti
1233 4333 1301 4395 anni
1324 4327 1544 4414 indulgentia,
1577 4335 1608 4395 dt
1628 4332 1757 4397 totidem

130 4418 328 4485 §tarsonibm
347 4413 470 4490 ejusdcm
492 4412 625 4477 Ecclefiae
658 4410 722 4475 sunt
743 4429 859 4476 centum
881 4432 929 4473 an·
970 4413 1180 4497 quadragenae,
1212 4432 1245 4475 ac
1267 4413 1357 4477 etiam
1387 4413 1513 4481 remissio
1541 4414 1634 4479 tertiae
1662 4414 1758 4498 partis

124 4505 167 4568 ni
187 4493 411 4581 indulgentia,
442 4492 620 4576 &remissio
641 4492 734 4557 tertia
754 4493 845 4577 partia
866 4510 931 4555 om·
972 4493 1107 4556 omnium
1129 4508 1338 4574 peccatorum.
1585 4521 1599 4572 4
1748 4539 1751 4544 -
1789 4525 1792 4534 .

125 4574 434 4662 niutb‘peccamrom
449 4575 575 4642 concessi
591 4573 782 4670 abantiquo.
802 4570 930 4638 SedCal·
968 4663 971 4666 Ι
1011 4574 1087 4637 Item
1111 4571 1140 4667 iri
1163 4572 1351 4641 Dedicaiione
1372 4575 1515 4652 ejusdem,
1545 4595 1609 4663 qua
1628 4576 1757 4656 celebra·

124 4657 227 4739 Illius
248 4653 471 4734 III.¹conceslit
497 4655 636 4731 'omnibus
669 4652 816 4750 utriusque
849 4651 933 4750 setius
971 4671 1019 4720 tur
1041 4655 1070 4720 iu
1091 4651 1205 4739 Vigilia
1224 4655 1253 4719 S.
1274 4657 1419 4806 Benedtifii
1444 4658 1568 4728 nimiis
1596 4657 1757 4808 {uffinse

214 4767 220 4778 .
1449 4760 1469 4802 2
1702 4781 1713 4793 ‚
